Period End Date,Total Revenue,Provision for Income Taxes,Net Income,Net Income Before Taxes,Revenue,Minority Interest,Inc Tax Ex Impact of Sp Items,Normalized EBITDA,"Other, Net",Net Income Before Extra. Items,Cost of Revenue,Net Income After Taxes,Diluted Normalized EPS,Total Operating Expense,Diluted EPS Excluding ExtraOrd Items,Diluted Weighted Average Shares,DPS - Common Stock Primary Issue,"Minority Interest, Supplemental",Normalized Income Before Taxes,Basic EPS Excluding Extraordinary Items,"Selling/General/Admin. Expenses, Total",Basic Weighted Average Shares,Selling/General/Administrative Expense,Income Available to Com Excl ExtraOrd,Income Available to Com Incl ExtraOrd,Normalized Income After Taxes,Normalized EBIT,"Depreciation, Supplemental",Normalized Inc. Avail to Com.,Diluted EPS Including ExtraOrd Items,Basic EPS Including Extraordinary Items,Basic Normalized EPS,"Other Operating Expenses, Total",Operating Income,"Interest Inc.(Exp.),Net-Non-Op., Total","Cost of Revenue, Total",Diluted Net Income,Company name,Fraud
2005-03-31,232247.0,206.0,2520.0,2726.0,232247.0,0.0,206.0,12348.0,-2898.0,2520.0,191563.0,2520.0,0.0,225303.0,0.0,1002140.0,0.0,0.0,2726.0,0.0,36638.0,1002140.0,36358.0,2520.0,2520.0,2520.0,6944.0,5404.0,2520.0,0.0,0.0,0.0,-2898.0,6944.0,-4218.0,191563.0,2520.0,AKR,0
2005-06-30,409817.0,-206.0,65878.0,65672.0,409817.0,0.0,-206.0,80954.0,-1166.0,65878.0,280720.0,65878.0,0.07,339200.0,0.07,1002140.0,0.0,0.0,65672.0,0.07,59646.0,1002140.0,59106.0,65878.0,65878.0,65878.0,70617.0,10337.0,65878.0,0.07,0.07,0.07,-1166.0,70617.0,-4945.0,280720.0,65878.0,AKR,0
2005-09-30,424294.0,0.0,60216.0,60216.0,424294.0,0.0,0.0,77240.0,-5171.0,60216.0,294796.0,60216.0,0.06,357526.0,0.06,1002140.0,0.0,0.0,60216.0,0.06,67901.0,1002140.0,67496.0,60216.0,60216.0,60216.0,66768.0,10472.0,60216.0,0.06,0.06,0.06,-5171.0,66768.0,-6552.0,294796.0,60216.0,AKR,0
2005-12-31,445565.0,0.0,46658.0,46658.0,445565.0,0.0,0.0,63957.0,-13799.0,46658.0,347735.0,46658.0,0.05,392675.0,0.05,1002140.0,0.0,0.0,46658.0,0.05,58739.0,1002140.0,58244.0,46658.0,46658.0,46658.0,52890.0,11067.0,46658.0,0.05,0.05,0.05,-13799.0,52890.0,-6232.0,347735.0,46658.0,AKR,0
2006-03-31,342994.0,0.0,3851.0,3851.0,342994.0,0.0,0.0,20744.0,-2087.0,3851.0,275991.0,3851.0,0.0,333654.0,0.0,1002140.0,0.0,0.0,3851.0,0.0,59750.0,1002140.0,59300.0,3851.0,3851.0,3851.0,9340.0,11404.0,3851.0,0.0,0.0,0.0,-2087.0,9340.0,-5489.0,275991.0,3851.0,AKR,0
2006-06-30,426553.0,0.0,44654.0,44654.0,426553.0,0.0,0.0,62409.0,-1778.0,44654.0,319652.0,44654.0,0.04,375137.0,0.04,1002140.0,0.0,0.0,44654.0,0.04,57263.0,1002140.0,56813.0,44654.0,44654.0,44654.0,51416.0,10993.0,44654.0,0.04,0.04,0.04,-1778.0,51416.0,-6762.0,319652.0,44654.0,AKR,0
2006-09-30,445619.0,10083.0,50822.0,60905.0,445619.0,0.0,10083.0,77486.0,-3351.0,50822.0,305322.0,50822.0,0.05,379116.0,0.05,924363.0,0.0,0.0,60905.0,0.05,77145.0,924363.0,76740.0,50822.0,50822.0,50822.0,66503.0,10983.0,50822.0,0.05,0.05,0.05,-3351.0,66503.0,-5598.0,305322.0,50822.0,AKR,0
2006-12-31,456247.0,20136.0,38248.0,58384.0,456247.0,0.0,20136.0,70947.0,-3225.0,38248.0,326177.0,38248.0,0.07,393828.0,0.07,543651.0,0.08,0.0,58384.0,0.07,70876.0,543651.0,70471.0,38248.0,38248.0,38248.0,62419.0,8528.0,38248.0,0.07,0.07,0.07,-3225.0,62419.0,-4035.0,326177.0,38248.0,AKR,0
2007-03-31,231422.0,1792.0,-7252.0,-5460.0,231422.0,0.0,1792.0,11831.0,-3826.0,-7252.0,172891.0,-7252.0,-0.01,231453.0,-0.01,1002140.0,0.0,0.0,-5460.0,-0.01,62388.0,1002140.0,61873.0,-7252.0,-7252.0,-7252.0,-31.0,11862.0,-7252.0,-0.01,-0.01,-0.01,-3826.0,-31.0,-5429.0,172891.0,-7252.0,AKR,0
2007-06-30,317320.0,6255.0,-650.0,5605.0,317320.0,0.0,6255.0,24999.0,-4351.0,-650.0,235844.0,-650.0,0.0,304818.0,0.0,1002140.0,0.0,0.0,5605.0,0.0,73325.0,1002140.0,71340.0,-650.0,-650.0,-650.0,12502.0,12497.0,-650.0,0.0,0.0,0.0,-4351.0,12502.0,-6897.0,235844.0,-650.0,AKR,0
2007-09-30,615978.0,28500.0,55152.0,83652.0,615978.0,0.0,28500.0,110471.0,1083.0,55152.0,437248.0,55152.0,0.06,518933.0,0.06,1002140.0,0.0,0.0,83652.0,0.06,80602.0,1002140.0,79937.0,55152.0,55152.0,55152.0,97045.0,13426.0,55152.0,0.06,0.06,0.06,1083.0,97045.0,-13393.0,437248.0,55152.0,AKR,0
2007-12-31,517031.0,9441.0,518.0,9959.0,517031.0,0.0,9441.0,36925.0,4024.0,518.0,428372.0,518.0,0.0,499877.0,0.0,1002140.0,0.08,0.0,9959.0,0.0,67481.0,1002140.0,66926.0,518.0,518.0,518.0,17154.0,19329.0,518.0,0.0,0.0,0.0,4024.0,17154.0,-7195.0,428372.0,518.0,AKR,0
2008-03-31,433581.0,7427.0,-11919.0,-4492.0,433581.0,0.0,7427.0,36834.0,-6607.0,-11919.0,352316.0,-11919.0,-0.01,422172.0,-0.01,1002140.0,0.0,0.0,-4492.0,-0.01,76463.0,1002140.0,68410.0,-11919.0,-11919.0,-11919.0,11409.0,24365.0,-11919.0,-0.01,-0.01,-0.01,-6607.0,11409.0,-15901.0,352316.0,-11919.0,AKR,0
2008-06-30,553626.0,9109.0,-27256.0,-18147.0,553626.0,0.0,9109.0,39329.0,-4201.0,-27256.0,477811.0,-27256.0,-0.03,543903.0,-0.03,1013153.0,0.0,0.0,-18147.0,-0.03,70293.0,1013153.0,59705.0,-27256.0,-27256.0,-27256.0,9723.0,28713.0,-27256.0,-0.03,-0.03,-0.03,-4201.0,9723.0,-27870.0,477811.0,-27256.0,AKR,0
2008-09-30,677476.0,20476.0,3884.0,24360.0,677476.0,0.0,20476.0,80643.0,-495.0,3884.0,554621.0,3884.0,0.0,627312.0,0.0,1002140.0,0.0,0.0,24360.0,0.0,73186.0,1002140.0,65346.0,3884.0,3884.0,3884.0,50164.0,29669.0,3884.0,0.0,0.0,0.0,-495.0,50164.0,-25804.0,554621.0,3884.0,AKR,0
2008-12-31,679221.0,13253.0,-12249.0,1004.0,679221.0,0.0,14207.0,38997.0,-5070.0,-12249.0,558683.0,-12249.0,-0.01,651413.0,-0.01,1002140.0,0.08,0.0,3730.0,-0.01,95074.0,1002140.0,86294.0,-12249.0,-12249.0,-10477.0,30534.0,7688.0,-10477.0,-0.01,-0.01,-0.01,-5070.0,27808.0,-26804.0,558683.0,-12249.0,AKR,0
2009-03-31,397029.0,10868.0,-19585.0,-8717.0,397029.0,0.0,10868.0,62041.0,-2333.0,-19585.0,297545.0,-19585.0,-0.02,364498.0,-0.02,1002140.0,0.0,0.0,-8717.0,-0.02,69286.0,1002140.0,61278.0,-19585.0,-19585.0,-19585.0,32531.0,28641.0,-19585.0,-0.02,-0.02,-0.02,-2333.0,32531.0,-41248.0,297545.0,-19585.0,AKR,0
2009-06-30,288244.0,4101.0,-67502.0,-63401.0,288244.0,0.0,4101.0,7658.0,-4867.0,-67502.0,251902.0,-67502.0,-0.07,310677.0,-0.07,1013153.0,0.0,0.0,-63401.0,-0.07,63642.0,1013153.0,55114.0,-67502.0,-67502.0,-67502.0,-22433.0,29118.0,-67502.0,-0.07,-0.07,-0.07,-4867.0,-22433.0,-40968.0,251902.0,-67502.0,AKR,0
2009-09-30,347281.0,6656.0,-72408.0,-65752.0,347281.0,0.0,6656.0,5987.0,-4485.0,-72408.0,309143.0,-72408.0,-0.07,371952.0,-0.07,1002140.0,0.0,0.0,-65752.0,-0.07,67294.0,1002140.0,59771.0,-72408.0,-72408.0,-72408.0,-24671.0,29699.0,-72408.0,-0.07,-0.07,-0.07,-4485.0,-24671.0,-41081.0,309143.0,-72408.0,AKR,0
2009-12-31,411894.0,-1205.0,-86290.0,-87495.0,411894.0,0.0,-1205.0,-18221.0,-8164.0,-86290.0,391770.0,-86290.0,-0.09,460160.0,-0.09,1002140.0,0.0,0.0,-87495.0,-0.09,76554.0,1002140.0,67979.0,-86290.0,-86290.0,-86290.0,-48267.0,30046.0,-86290.0,-0.09,-0.09,-0.09,-8164.0,-48267.0,-39228.0,391770.0,-86290.0,AKR,0
2010-03-31,362270.0,1552.0,-48572.0,-47021.0,362270.0,0.0,1552.0,26813.0,-4055.0,-48572.0,306654.0,-48572.0,-0.05,366818.0,-0.05,1002140.0,0.0,0.0,-47021.0,-0.05,64219.0,1002140.0,63559.0,-48572.0,-48572.0,-48572.0,-4548.0,31361.0,-48572.0,-0.05,-0.05,-0.05,-4055.0,-4548.0,-42473.0,306654.0,-48572.0,AKR,0
2010-06-30,317874.0,0.0,-73586.0,-73586.0,317874.0,0.0,0.0,-8385.0,-3567.0,-73586.0,293676.0,-73586.0,-0.07,351390.0,-0.07,1013153.0,0.0,0.0,-73586.0,-0.07,61281.0,1013153.0,60066.0,-73586.0,-73586.0,-73586.0,-33516.0,25132.0,-73586.0,-0.07,-0.07,-0.07,-3567.0,-33516.0,-40070.0,293676.0,-73586.0,AKR,0
2010-09-30,340869.0,2379.0,-36722.0,-34343.0,340869.0,0.0,2379.0,34586.0,-5542.0,-36722.0,279560.0,-36722.0,-0.04,334582.0,-0.04,1002140.0,0.0,0.0,-34343.0,-0.04,60565.0,1002140.0,53099.0,-36722.0,-36722.0,-36722.0,6287.0,27564.0,-36722.0,-0.04,-0.04,-0.04,-5542.0,6287.0,-40631.0,279560.0,-36722.0,AKR,0
2010-12-31,594561.0,25257.0,-205640.0,-180383.0,594561.0,0.0,99082.0,97810.0,-3428.0,-205640.0,447075.0,-205640.0,-0.07,735071.0,-0.21,1002140.0,0.0,0.0,30545.0,-0.21,80496.0,1002140.0,86096.0,-205640.0,-205640.0,-68537.0,70419.0,27391.0,-68537.0,-0.21,-0.21,-0.07,-3428.0,-140509.0,-39874.0,447075.0,-205640.0,AKR,0
2011-03-31,325214.0,7206.0,-54413.0,-47207.0,325214.0,0.0,7206.0,14997.0,-2977.0,-54413.0,277431.0,-54413.0,-0.05,335323.0,-0.05,1002140.0,0.0,0.0,-47207.0,-0.05,60869.0,1002140.0,59914.0,-54413.0,-54413.0,-54413.0,-10109.0,24460.0,-54413.0,-0.05,-0.05,-0.05,-2977.0,-10109.0,-37098.0,277431.0,-54413.0,AKR,0
2011-06-30,402374.0,13782.0,-34921.0,-21139.0,402374.0,0.0,13782.0,42219.0,-1125.0,-34921.0,317263.0,-34921.0,-0.03,385618.0,-0.03,1002140.0,0.0,0.0,-21139.0,-0.03,69480.0,1002140.0,68595.0,-34921.0,-34921.0,-34921.0,16756.0,24793.0,-34921.0,-0.03,-0.03,-0.03,-1125.0,16756.0,-37895.0,317263.0,-34921.0,AKR,0
2011-09-30,497658.0,17500.0,-29458.0,-11958.0,497658.0,0.0,17500.0,52242.0,-1799.0,-29458.0,401771.0,-29458.0,-0.03,471129.0,-0.03,1002140.0,0.0,0.0,-11958.0,-0.03,71157.0,1002140.0,70222.0,-29458.0,-29458.0,-29458.0,26530.0,25069.0,-29458.0,-0.03,-0.03,-0.03,-1799.0,26530.0,-38488.0,401771.0,-29458.0,AKR,0
2011-12-31,632865.0,21687.0,13411.0,35099.0,632865.0,0.0,21242.0,93518.0,-5600.0,13411.0,494548.0,13411.0,0.01,560655.0,0.01,1002140.0,0.0,0.0,33826.0,0.01,72979.0,1002140.0,72009.0,13411.0,13411.0,12584.0,70938.0,21941.0,12584.0,0.01,0.01,0.01,-5600.0,72210.0,-37111.0,494548.0,13411.0,AKR,0
2012-03-31,503227.0,16478.0,-10755.0,5723.0,503227.0,0.0,17450.0,50427.0,-2517.0,-10755.0,382359.0,-10755.0,-0.01,461983.0,-0.01,1002136.0,0.0,0.0,8500.0,-0.01,82141.0,1002136.0,81141.0,-10755.0,-10755.0,-8950.0,41244.0,22353.5,-8950.0,-0.01,-0.01,-0.01,-2517.0,41244.0,-35520.0,382359.0,-10755.0,AKR,0
2012-06-30,447951.0,13116.0,-326.0,12790.0,447951.0,0.0,12144.0,50427.0,-4904.0,-326.0,351604.0,-326.0,0.0,416834.0,0.0,1013140.0,0.0,0.0,10013.0,0.0,70134.0,1013140.0,69212.0,-326.0,-326.0,-2131.0,31117.0,22353.5,-2131.0,0.0,0.0,0.0,-4904.0,31117.0,-18327.0,351604.0,-326.0,AKR,0
2012-09-30,609282.0,22013.0,32252.0,54265.0,609282.0,0.0,22013.0,94759.0,-2815.0,32252.0,455682.0,32252.0,0.03,537414.0,0.03,1002132.0,0.0,0.0,54265.0,0.03,84547.0,1002132.0,83677.0,32252.0,32252.0,32252.0,71868.0,22220.0,32252.0,0.03,0.03,0.03,-2815.0,71868.0,-17603.0,455682.0,32252.0,AKR,0
2012-12-31,752727.0,46742.0,90372.0,137114.0,752727.0,0.0,49062.0,193496.0,-7464.0,90372.0,482920.0,90372.0,0.09,593525.0,0.09,1002132.0,0.0,0.0,143918.0,0.09,111265.0,1002132.0,110305.0,90372.0,90372.0,94856.0,166006.0,26803.0,94856.0,0.09,0.09,0.09,-7464.0,159202.0,-22088.0,482920.0,90372.0,AKR,0
2013-03-31,563885.0,16736.0,28469.0,45205.0,563885.0,0.0,16422.0,85304.0,-3830.0,28469.0,413610.0,28469.0,0.03,501734.0,0.03,1002136.0,0.0,0.0,44358.0,0.03,91954.0,1002136.0,91039.0,28469.0,28469.0,27936.0,62151.0,22487.0,27936.0,0.03,0.03,0.03,-3830.0,62151.0,-16946.0,413610.0,28469.0,AKR,0
2013-06-30,415559.0,8632.0,-2379.0,6253.0,415559.0,0.0,9274.0,47251.0,-3819.0,-2379.0,321359.0,-2379.0,0.0,391803.0,0.0,1002136.0,0.0,0.0,8089.0,0.0,74263.0,1002136.0,71306.0,-2379.0,-2379.0,-1185.0,23756.0,22847.0,-1185.0,0.0,0.0,0.0,-3819.0,23756.0,-17503.0,321359.0,-2379.0,AKR,0
2013-09-30,485847.0,15658.0,-6971.0,8686.0,485847.0,0.0,26175.0,80654.0,-3106.0,-6971.0,354859.0,-6971.0,0.01,459207.0,-0.01,1002132.0,0.0,0.0,38737.0,-0.01,77403.0,1002132.0,76512.0,-6971.0,-6971.0,12562.0,56690.0,23296.0,12562.0,-0.01,-0.01,0.01,-3106.0,26639.0,-17953.0,354859.0,-6971.0,AKR,0
2013-12-31,505942.0,12733.0,485093.0,497826.0,505942.0,0.0,-165212.0,50323.0,-5572.0,485093.0,390141.0,485093.0,0.14,-28750.0,0.44,1100972.0,0.05,0.0,-10588.0,0.44,95095.0,1100972.0,94189.0,485093.0,485093.0,154624.0,26279.0,23282.0,154624.0,0.44,0.44,0.14,-5572.0,534692.0,-36866.0,390141.0,485093.0,AKR,0
2014-03-31,344809.0,904.0,-1784.0,-880.0,344809.0,0.0,904.0,28330.0,-4602.0,-1784.0,262572.0,-1784.0,0.0,338237.0,0.0,1343289.0,0.0,0.0,-880.0,0.0,80267.0,1343289.0,79331.0,-1784.0,-1784.0,-1784.0,6572.0,21575.0,-1784.0,0.0,0.0,0.0,-4602.0,6572.0,-7452.0,262572.0,-1784.0,AKR,0
2014-06-30,465048.0,5514.0,10772.0,16286.0,465048.0,0.0,5514.0,50531.0,-5715.0,10772.0,340513.0,10772.0,0.01,436778.0,0.01,1358051.0,0.0,0.0,16286.0,0.01,101980.0,1358051.0,99121.0,10772.0,10772.0,10772.0,28270.0,22073.0,10772.0,0.01,0.01,0.01,-5715.0,28270.0,-11984.0,340513.0,10772.0,AKR,0
2014-09-30,516507.0,5784.0,34308.0,40092.0,516507.0,0.0,5784.0,73745.0,-7134.0,34308.0,365857.0,34308.0,0.03,466138.0,0.03,1343289.0,0.0,0.0,40092.0,0.03,107416.0,1343289.0,106570.0,34308.0,34308.0,34308.0,50368.0,23187.0,34308.0,0.03,0.03,0.03,-7134.0,50368.0,-10276.0,365857.0,34308.0,AKR,0
2014-12-31,723859.0,18602.0,61382.0,79984.0,723859.0,0.0,23976.0,136194.0,-8282.0,61382.0,473286.0,61382.0,0.06,634553.0,0.05,1343289.0,0.07,0.0,103090.0,0.05,146444.0,1343289.0,145553.0,61382.0,61382.0,79114.0,112412.0,23594.0,79114.0,0.05,0.05,0.06,-8282.0,89306.0,-9322.0,473286.0,61382.0,AKR,0
2015-03-31,324549.0,-981.0,-6079.0,-7060.0,324549.0,0.0,-981.0,26230.0,-7281.0,-6079.0,249373.0,-6079.0,0.0,321412.0,0.0,1343289.0,0.0,0.0,-7060.0,0.0,79320.0,1343289.0,78389.0,-6079.0,-6079.0,-6079.0,3136.0,22911.0,-6079.0,0.0,0.0,0.0,-7281.0,3136.0,-10196.0,249373.0,-6079.0,AKR,0
2015-06-30,510681.0,4378.0,12442.0,16820.0,510681.0,0.0,4378.0,46470.0,-726.0,12442.0,381705.0,12442.0,0.01,487749.0,0.01,1343289.0,0.0,0.0,16820.0,0.01,106770.0,1343289.0,103924.0,12442.0,12442.0,12442.0,22932.0,23338.0,12442.0,0.01,0.01,0.01,-726.0,22932.0,-6111.0,381705.0,12442.0,AKR,0
2015-09-30,639378.0,5584.0,18405.0,23988.0,639378.0,0.0,5584.0,57442.0,-3288.0,18405.0,487740.0,18405.0,0.01,606028.0,0.01,1343289.0,0.0,0.0,23988.0,0.01,121576.0,1343289.0,120690.0,18405.0,18405.0,18405.0,33350.0,23873.0,18405.0,0.01,0.01,0.01,-3288.0,33350.0,-9361.0,487740.0,18405.0,AKR,0
2015-12-31,620359.0,18883.0,69841.0,88724.0,620359.0,0.0,20405.0,129370.0,-5498.0,69841.0,412214.0,69841.0,0.06,522773.0,0.05,1343289.0,0.05,0.0,95875.0,0.05,108906.0,1343289.0,108015.0,69841.0,69841.0,75470.0,104737.0,24413.0,75470.0,0.05,0.05,0.06,-5498.0,97586.0,-8861.0,412214.0,69841.0,AKR,0
2016-03-31,346219.0,-47.0,1022.0,975.0,346219.0,0.0,-47.0,33703.0,-7893.0,1022.0,260455.0,1022.0,0.0,336764.0,0.0,1343289.0,0.0,0.0,975.0,0.0,84202.0,1343289.0,83256.0,1022.0,1022.0,1022.0,9455.0,24030.0,1022.0,0.0,0.0,0.0,-7893.0,9455.0,-8481.0,260455.0,1022.0,AKR,0
2016-06-30,350867.0,-639.0,-18572.0,-19210.0,350867.0,0.0,-639.0,12254.0,-7253.0,-18572.0,293362.0,-18572.0,-0.01,362831.0,-0.01,1343289.0,0.0,0.0,-19210.0,-0.01,76722.0,1343289.0,73909.0,-18572.0,-18572.0,-18572.0,-11964.0,24013.0,-18572.0,-0.01,-0.01,-0.01,-7253.0,-11964.0,-7246.0,293362.0,-18572.0,AKR,0
2016-09-30,304968.0,-3884.0,-5103.0,-8987.0,304968.0,0.0,-3884.0,22260.0,-13190.0,-5103.0,248785.0,-5103.0,0.0,306998.0,0.0,1343289.0,0.0,0.0,-8987.0,0.0,71403.0,1343289.0,70533.0,-5103.0,-5103.0,-5103.0,-2030.0,24095.0,-5103.0,0.0,0.0,0.0,-13190.0,-2030.0,-6957.0,248785.0,-5103.0,AKR,0
2016-12-31,621150.0,-7511.0,-44702.0,-52212.0,621150.0,0.0,-3460.0,-2202.0,-4629.0,-44702.0,582464.0,-44702.0,-0.03,663962.0,-0.03,1343289.0,0.03,0.0,-40640.0,-0.03,74555.0,1343289.0,74555.0,-44702.0,-44702.0,-37180.0,-31240.0,28844.0,-37180.0,-0.03,-0.03,-0.03,-4629.0,-42812.0,-9400.0,582464.0,-44702.0,AKR,0
2017-03-31,328487.0,-817.0,-24506.0,-25323.0,328487.0,0.0,-817.0,-3219.0,14057.0,-24506.0,278087.0,-24506.0,-0.02,356886.0,-0.02,1343289.0,0.0,0.0,-25323.0,-0.02,78799.0,1343289.0,78799.0,-24506.0,-24506.0,-24506.0,-28399.0,24905.0,-24506.0,-0.02,-0.02,-0.02,-4095.5,-28399.0,-10981.0,278087.0,-24506.0,AKR,0
2017-06-30,367820.0,65.0,-20991.0,-20926.0,367820.0,0.0,65.0,-189.0,13202.0,-20991.0,309746.0,-20991.0,-0.02,393065.0,-0.02,1343289.0,0.0,0.0,-20926.0,-0.02,83319.0,1343289.0,83319.0,-20991.0,-20991.0,-20991.0,-25245.0,24765.0,-20991.0,-0.02,-0.02,-0.02,-4095.5,-25245.0,-8883.0,309746.0,-20991.0,AKR,0
2017-09-30,545010.0,-1527.0,73327.0,71800.0,545010.0,0.0,-1527.0,96116.0,10990.0,73327.0,382192.0,73327.0,0.05,474566.0,0.05,1343289.0,0.0,0.0,71800.0,0.05,92374.0,1343289.0,92374.0,73327.0,73327.0,73327.0,70444.0,25401.0,73327.0,0.05,0.05,0.05,-4095.5,70444.0,-9634.0,382192.0,73327.0,AKR,0
2017-12-31,848027.0,8001.0,421361.0,429361.0,848027.0,0.0,8001.0,456886.0,9566.0,421361.0,384287.0,421361.0,0.31,421184.0,0.31,1343289.0,0.03,0.0,429361.0,0.31,36897.0,1343289.0,36897.0,421361.0,421361.0,421361.0,426843.0,29820.0,421361.0,0.31,0.31,0.31,-4095.5,426843.0,-7048.0,384287.0,421361.0,AKR,0
2018-03-31,335457.0,-1254.0,-6435.0,-7689.0,335457.0,0.0,-1254.0,24820.0,-11331.0,-6435.0,277173.0,-6435.0,0.0,336494.0,0.0,1343289.0,0.0,0.0,-7689.0,0.0,70652.0,1343289.0,70652.0,-6435.0,-6435.0,-6435.0,-1037.0,25647.0,-6435.0,0.0,0.0,0.0,-11331.0,-1037.0,-6652.0,277173.0,-6435.0,AKR,0
2018-06-30,384891.0,1765.0,-8416.0,-6651.0,384891.0,0.0,1765.0,25851.0,-4083.0,-8416.0,314263.0,-8416.0,-0.01,385759.0,-0.01,1343289.0,0.0,0.0,-6651.0,-0.01,75579.0,1343289.0,75579.0,-8416.0,-8416.0,-8416.0,-868.0,26531.0,-8416.0,-0.01,-0.01,-0.01,-4083.0,-868.0,-5783.0,314263.0,-8416.0,AKR,0
2018-09-30,358788.0,-836.0,6776.0,5940.0,358788.0,0.0,-836.0,37861.0,-3292.0,6776.0,292665.0,6776.0,0.01,348117.0,0.01,1343289.0,0.0,0.0,5940.0,0.01,58744.0,1343289.0,58744.0,6776.0,6776.0,6776.0,10671.0,27019.0,6776.0,0.01,0.01,0.01,-3292.0,10671.0,-4731.0,292665.0,6776.0,AKR,0
2018-12-31,385160.0,-67708.0,-271571.0,-339279.0,385160.0,0.0,54474.0,42175.0,-15328.0,-271571.0,309557.0,-271571.0,-0.03,719478.0,-0.2,1343289.0,0.0,0.0,9811.0,-0.2,76159.0,1343289.0,76159.0,-271571.0,-271571.0,-44662.0,14772.0,27237.0,-44662.0,-0.2,-0.2,-0.03,-15328.0,-334318.0,-4961.0,309557.0,-271571.0,AKR,0
2019-03-31,247284.0,2095.0,-27606.0,-25511.0,247284.0,0.0,3396.0,-704.0,-4236.0,-27606.0,205145.0,-27606.0,-0.02,268225.0,-0.02,1343289.0,0.0,0.0,-21795.0,-0.02,66169.0,1343289.0,66169.0,-27606.0,-27606.0,-25190.0,-17225.0,16362.0,-25190.0,-0.02,-0.02,-0.02,-4236.0,-20941.0,-4570.0,205145.0,-27606.0,AKR,0
2019-06-30,421850.0,-2881.0,53468.0,50447.0,421850.0,140.0,-2881.0,72398.0,-5194.0,53468.0,280978.0,53328.0,0.04,366177.0,0.04,1343289.0,0.0,140.0,50447.0,0.04,90393.0,1343289.0,90393.0,53468.0,53468.0,53328.0,55673.0,16567.0,53468.0,0.04,0.04,0.04,-5194.0,55673.0,-5226.0,280978.0,53468.0,AKR,0
2019-09-30,404817.0,1532.0,18693.0,20022.0,404817.0,204.0,1869.0,46873.0,-4647.0,18693.0,311531.0,18489.0,0.02,378934.0,0.01,1343289.0,0.0,204.0,24424.0,0.01,72049.0,1343289.0,72049.0,18693.0,18693.0,22555.0,30286.0,16427.0,22759.0,0.01,0.01,0.02,-4647.0,25883.0,-5862.0,311531.0,18693.0,AKR,0
2019-12-31,555985.0,2063.0,37990.0,40734.0,555985.0,-681.0,3089.0,83394.0,-5928.0,37990.0,420974.0,38671.0,0.04,509346.0,0.03,1343289.0,0.0,-681.0,60982.0,0.03,84757.0,1343289.0,84757.0,37990.0,37990.0,57893.0,66886.0,16348.0,57212.0,0.03,0.03,0.04,-5928.0,46639.0,-5904.0,420974.0,37990.0,AKR,0
2020-03-31,372800.0,1740.0,-5479.0,-3990.0,372800.0,250.0,1780.0,18409.0,-6891.0,-5479.0,305819.0,-5729.0,0.0,370907.0,0.0,1343289.0,0.0,250.0,-3874.0,0.0,71979.0,1343289.0,71979.0,-5479.0,-5479.0,-5654.0,2010.0,16339.0,-5404.0,0.0,0.0,0.0,-6891.0,1894.0,-5883.0,305819.0,-5479.0,AKR,0
2020-06-30,327244.0,2457.0,7683.0,9923.0,327244.0,217.0,2530.0,32362.0,-4108.0,7683.0,265701.0,7466.0,0.01,311728.0,0.01,1343289.0,0.0,217.0,10216.0,0.01,50135.0,1343289.0,50135.0,7683.0,7683.0,7686.0,15809.0,16504.0,7903.0,0.01,0.01,0.01,-4108.0,15516.0,-5593.0,265701.0,7683.0,AKR,0
2020-09-30,380577.0,2966.0,27945.0,30702.0,380577.0,210.0,2968.0,52446.0,-2774.0,27945.0,280406.0,27735.0,0.02,345279.0,0.02,1343289.0,0.0,210.0,30717.0,0.02,67648.0,1343289.0,67648.0,27945.0,27945.0,27750.0,35314.0,17083.0,27959.0,0.02,0.02,0.02,-2774.0,35298.0,-4597.0,280406.0,27945.0,AKR,0
2020-12-31,406921.0,17281.0,68294.0,85467.0,406921.0,108.0,17479.0,116169.0,-3274.0,68294.0,261615.0,68186.0,0.05,317837.0,0.05,1343289.0,0.0,108.0,86445.0,0.05,59497.0,1343289.0,59497.0,68294.0,68294.0,68966.0,90062.0,26057.0,69074.0,0.05,0.05,0.05,-3274.0,89084.0,-3617.0,261615.0,68294.0,AKR,0
2021-03-31,344561.0,5460.0,23670.0,29076.0,344561.0,54.0,5460.0,50788.0,-1760.0,23670.0,256605.0,23615.0,0.02,313079.0,0.02,1343289.0,0.0,54.0,29076.0,0.02,58235.0,1343289.0,58235.0,23670.0,23670.0,23615.0,31482.0,19255.0,23670.0,0.02,0.02,0.02,-1760.0,31482.0,-2406.0,256605.0,23670.0,AKR,0
2021-06-30,303567.0,2216.0,11786.0,13998.0,303567.0,4.0,2216.0,36108.0,-2911.0,11786.0,233839.0,11782.0,0.01,286998.0,0.01,1391205.0,0.0,4.0,13998.0,0.01,56069.0,1391205.0,56069.0,11786.0,11786.0,11782.0,16569.0,19489.0,11786.0,0.01,0.01,0.01,-2911.0,16569.0,-2571.0,233839.0,11786.0,AKR,0
2021-09-30,340528.0,3574.0,20212.0,23775.0,340528.0,10.0,3579.0,46847.0,-1874.0,20212.0,252518.0,20202.0,0.01,313731.0,0.01,1471533.0,0.0,10.0,23810.0,0.01,63087.0,1471533.0,63087.0,20212.0,20212.0,20231.0,26831.0,19963.0,20242.0,0.01,0.01,0.01,-1874.0,26797.0,-3021.0,252518.0,20212.0,AKR,0
2021-12-31,425605.0,8023.0,34224.0,42236.0,425605.0,11.0,10264.0,78836.0,-4760.0,34224.0,325675.0,34213.0,0.03,378601.0,0.02,1472100.0,0.03,11.0,54035.0,0.02,51700.0,1472100.0,51700.0,34224.0,34224.0,43771.0,58804.0,19978.0,43783.0,0.02,0.02,0.03,-4760.0,47004.0,-4768.0,325675.0,34224.0,AKR,0
2022-03-31,352251.0,4291.0,20877.0,25161.0,352251.0,7.0,4291.0,49277.0,-2050.0,20877.0,269693.0,20870.0,0.01,321973.0,0.01,1471533.0,0.0,7.0,25161.0,0.01,54330.0,1471533.0,54330.0,20877.0,20877.0,20870.0,30278.0,18949.0,20877.0,0.01,0.01,0.01,-2050.0,30278.0,-5117.0,269693.0,20877.0,AKR,0
2022-06-30,516863.0,6922.0,35112.0,42023.0,516863.0,11.0,6922.0,65574.0,-7686.0,35112.0,406483.0,35101.0,0.02,470256.0,0.02,1471533.0,0.02,11.0,42023.0,0.02,71458.0,1471533.0,71458.0,35112.0,35112.0,35101.0,46607.0,18931.0,35112.0,0.02,0.02,0.02,-7686.0,46607.0,-4585.0,406483.0,35112.0,AKR,0
2022-09-30,468074.0,8015.0,30870.0,38878.0,468074.0,7.0,8015.0,64933.0,-3376.0,30870.0,353282.0,30863.0,0.02,423478.0,0.02,1471533.0,0.0,7.0,38878.0,0.02,73572.0,1471533.0,73572.0,30870.0,30870.0,30863.0,44596.0,20311.0,30870.0,0.02,0.02,0.02,-3376.0,44596.0,-5718.0,353282.0,30870.0,AKR,0
2022-12-31,767458.0,20258.0,72192.0,92442.0,767458.0,7.0,20286.0,119558.0,-3201.0,72192.0,600122.0,72185.0,0.05,667920.0,0.05,1471533.0,0.05,7.0,92571.0,0.05,70870.0,1471533.0,70870.0,72192.0,72192.0,72285.0,99667.0,19855.0,72292.0,0.05,0.05,0.05,-3201.0,99539.0,-7096.0,600122.0,72192.0,AKR,0
2023-03-31,658243.0,14990.0,62307.0,77290.0,658243.0,7.0,15073.0,103459.0,-2021.0,62307.0,515317.0,62300.0,0.04,574666.0,0.04,1471533.0,0.0,7.0,77718.0,0.04,61370.0,1471533.0,61370.0,62307.0,62307.0,62645.0,84005.0,19372.0,62652.0,0.04,0.04,0.04,-2021.0,83577.0,-6287.0,515317.0,62307.0,AKR,0
2023-06-30,374898.0,5593.0,10199.0,15785.0,374898.0,7.0,5593.0,51104.0,-2117.0,10199.0,270268.0,10192.0,0.01,351354.0,0.01,1471533.0,0.0,7.0,15785.0,0.01,76041.0,1471533.0,76041.0,10199.0,10199.0,10192.0,30706.0,20102.0,10199.0,0.01,0.01,0.01,-2117.0,23545.0,-7759.0,270268.0,10199.0,AKR,0
2023-09-30,510909.0,13556.0,56884.0,70435.0,510909.0,6.0,13556.0,97655.0,-5054.0,56884.0,373198.0,56879.0,0.04,433150.0,0.04,1471533.0,0.02,6.0,70435.0,0.04,65006.0,1471533.0,65006.0,56884.0,56884.0,56879.0,77759.0,19241.0,56884.0,0.04,0.04,0.04,-5054.0,77759.0,-7324.0,373198.0,56884.0,AKR,0
2023-12-31,740031.0,26645.0,91115.0,117951.0,740031.0,-191.0,26549.0,144065.0,-11312.0,91115.0,541743.0,91306.0,0.06,615142.0,0.06,1471533.0,0.07,-191.0,117523.0,0.06,84711.0,1471533.0,84711.0,91115.0,91115.0,90975.0,124461.0,18932.0,90784.0,0.06,0.06,0.06,-11312.0,124889.0,-6937.0,541743.0,91115.0,AKR,0
2024-03-31,455977.0,10701.0,37966.0,49661.0,455977.0,-994.0,10701.0,74949.0,-3220.0,37966.0,336194.0,38960.0,0.03,400374.0,0.03,1471533.0,0.0,-994.0,49661.0,0.03,67401.0,1471533.0,67401.0,37966.0,37966.0,38960.0,55603.0,18672.0,37966.0,0.03,0.03,0.03,-3220.0,55603.0,-5941.0,336194.0,37966.0,AKR,0
2024-06-30,519841.0,11481.0,39473.0,50942.0,519841.0,12.0,11481.0,76479.0,-5321.0,39473.0,390206.0,39461.0,0.03,462413.0,0.03,1471661.0,0.0,12.0,50942.0,0.03,77834.0,1471661.0,77834.0,39473.0,39473.0,39461.0,57121.0,18676.0,39473.0,0.03,0.03,0.03,-5321.0,57428.0,-6486.0,390206.0,39473.0,AKR,0
2018-03-31,1150246.0,-13828.0,102957.0,89129.0,1150246.0,0.0,-13828.0,409328.0,-1935.0,102957.0,801844.0,102957.0,0.01,938727.0,0.01,9158000.0,0.0,0.0,89129.0,0.01,74469.0,9158000.0,74469.0,102957.0,102957.0,102957.0,275869.0,117491.0,102957.0,0.01,0.01,0.01,-1935.0,211519.0,-122390.0,801844.0,102957.0,ACE,0
2018-06-30,1185087.0,28104.0,214264.0,242368.0,1185087.0,0.0,28104.0,409027.0,-3067.0,214264.0,834481.0,214264.0,0.02,820017.0,0.02,9158000.0,0.0,0.0,242368.0,0.02,76108.0,9158000.0,76108.0,214264.0,214264.0,214264.0,277565.0,115483.0,214264.0,0.02,0.02,0.02,-3067.0,365070.0,-122703.0,834481.0,214264.0,ACE,0
2018-09-30,1236266.0,-4265.0,111829.0,107564.0,1236266.0,0.0,-6154.0,389979.0,-2127.0,111829.0,892415.0,111829.0,0.01,1008277.0,0.01,9158000.0,0.0,0.0,102168.0,0.01,89429.0,9158000.0,89429.0,111829.0,111829.0,108322.0,256549.0,117442.0,108322.0,0.01,0.01,0.01,-2127.0,227989.0,-120425.0,892415.0,111829.0,ACE,0
2018-12-31,1261610.0,5519.0,117516.0,123034.0,1261610.0,0.0,5519.0,369240.0,27.0,117516.0,887008.0,117516.0,0.01,1021567.0,0.01,9158000.0,0.0,0.0,123034.0,0.01,138525.0,9158000.0,138525.0,117516.0,117516.0,117516.0,236050.0,117158.0,117516.0,0.01,0.01,0.01,27.0,240043.0,-117008.0,887008.0,117516.0,ACE,0
2019-03-31,1212784.0,-4906.0,132621.0,127715.0,1212784.0,0.0,-5218.0,395881.0,-422.0,132621.0,858337.0,132621.0,0.01,975295.0,0.01,9158000.0,0.0,0.0,126824.0,0.01,102767.0,9158000.0,102767.0,132621.0,132621.0,132042.0,264148.0,115736.0,132042.0,0.01,0.01,0.01,-422.0,237489.0,-109773.0,858337.0,132621.0,ACE,0
2019-06-30,1317525.0,-6324.0,209258.0,202934.0,1317525.0,0.0,-10655.0,477587.0,-305.0,209258.0,897384.0,209258.0,0.02,1005767.0,0.02,9158000.0,0.0,0.0,190560.0,0.02,71785.0,9158000.0,71785.0,209258.0,209258.0,201215.0,346060.0,115520.0,201215.0,0.02,0.02,0.02,-305.0,311757.0,-108823.0,897384.0,209258.0,ACE,0
2019-09-30,1266867.0,1119.0,228103.0,229222.0,1266867.0,0.0,1113.0,474130.0,-539.0,228103.0,840507.0,228103.0,0.02,930512.0,0.02,9158000.0,0.0,0.0,227972.0,0.02,84482.0,9158000.0,84482.0,228103.0,228103.0,226859.0,341766.0,118191.0,226859.0,0.02,0.02,0.02,-539.0,336355.0,-107133.0,840507.0,228103.0,ACE,0
2019-12-31,1258097.0,7198.0,245322.0,252521.0,1258097.0,0.0,7448.0,494762.0,-201.0,245322.0,833108.0,245322.0,0.03,918735.0,0.03,9760433.0,0.0,0.0,261280.0,0.03,71331.0,9760433.0,71331.0,245322.0,245322.0,253833.0,363259.0,119892.0,253833.0,0.03,0.03,0.03,-201.0,339362.0,-86841.0,833108.0,245322.0,ACE,0
2020-03-31,1347851.0,54797.0,593550.0,648347.0,1347851.0,0.0,40890.0,481508.0,-448.0,593550.0,919987.0,593550.0,0.04,673262.0,0.06,9892496.0,0.03,0.0,483800.0,0.06,87552.0,9892496.0,87552.0,593550.0,593550.0,442910.0,347718.0,122258.0,442910.0,0.06,0.06,0.04,-448.0,674589.0,-26242.0,919987.0,593550.0,ACE,0
2020-06-30,1640417.0,-14569.0,249802.0,235233.0,1640417.0,0.0,-7900.0,507468.0,-206.0,249802.0,1194364.0,249802.0,0.02,1380112.0,0.02,10571328.0,-0.03,0.0,240803.0,0.02,76702.0,10571328.0,76702.0,249802.0,249802.0,248702.0,375158.0,120743.0,248702.0,0.02,0.02,0.02,-206.0,260305.0,-25071.0,1194364.0,249802.0,ACE,0
2020-09-30,1500977.0,8987.0,410230.0,419217.0,1500977.0,0.0,8970.0,539384.0,-3217.0,410230.0,1037896.0,410230.0,0.04,1053924.0,0.04,10176000.0,0.0,0.0,418411.0,0.04,66822.0,10176000.0,66822.0,410230.0,410230.0,409441.0,399923.0,127882.0,409441.0,0.04,0.04,0.04,-3217.0,447052.0,-27835.0,1037896.0,410230.0,ACE,0
2020-12-31,1368899.0,-6610.0,254059.0,247449.0,1368899.0,0.0,-6889.0,500511.0,-908.0,254059.0,914566.0,254059.0,0.02,1094279.0,0.02,10176000.0,0.02,0.0,246651.0,0.02,89275.0,10176000.0,89275.0,254059.0,254059.0,253540.0,364680.0,123648.0,253540.0,0.02,0.02,0.02,-908.0,274620.0,-27171.0,914566.0,254059.0,ACE,0
2021-03-31,1314094.0,28604.0,360330.0,388934.0,1314094.0,0.0,28926.0,523193.0,-2007.0,360330.0,874683.0,360330.0,0.04,891074.0,0.04,10176000.0,0.0,0.0,393306.0,0.04,84722.0,10176000.0,84722.0,360330.0,360330.0,364380.0,361067.0,139930.0,364380.0,0.04,0.04,0.04,-2007.0,423020.0,-34086.0,874683.0,360330.0,ACE,0
2021-06-30,1386044.0,21833.0,366456.0,388289.0,1386044.0,1.0,21885.0,555002.0,-5076.0,366456.0,920377.0,366455.0,0.04,962005.0,0.04,10176000.0,0.0,1.0,389213.0,0.04,82108.0,10176000.0,82108.0,366456.0,366456.0,367328.0,389559.0,143159.0,367329.0,0.04,0.04,0.04,-5076.0,424038.0,-35750.0,920377.0,366456.0,ACE,0
2021-09-30,1467727.0,34821.0,411246.0,446034.0,1467727.0,33.0,35190.0,564026.0,-2091.0,411246.0,971282.0,411213.0,0.04,985590.0,0.04,10176000.0,0.0,33.0,450765.0,0.04,106048.0,10176000.0,106048.0,411246.0,411246.0,415575.0,397218.0,144490.0,415608.0,0.04,0.04,0.04,-2091.0,482137.0,-36103.0,971282.0,411246.0,ACE,0
2021-12-31,1559056.0,17259.0,367648.0,384678.0,1559056.0,229.0,16825.0,606697.0,-3577.0,367648.0,1041626.0,367419.0,0.04,1138943.0,0.04,10176000.0,0.02,229.0,375012.0,0.04,77471.0,10176000.0,77471.0,367648.0,367648.0,358187.0,433869.0,150473.0,358416.0,0.04,0.04,0.04,-3577.0,420113.0,-35435.0,1041626.0,367648.0,ACE,0
2022-03-31,1621023.0,22475.0,322711.0,344932.0,1621023.0,254.0,22668.0,565009.0,-3732.0,322711.0,1149445.0,322457.0,0.03,1241585.0,0.03,10176000.0,0.0,254.0,347897.0,0.03,91145.0,10176000.0,91145.0,322711.0,322711.0,325229.0,387130.0,155466.0,325483.0,0.03,0.03,0.03,-3732.0,379438.0,-34506.0,1149445.0,322711.0,ACE,0
2022-06-30,1637732.0,50228.0,383748.0,433894.0,1637732.0,83.0,50283.0,558815.0,-7886.0,383748.0,1174054.0,383665.0,0.04,1174736.0,0.04,10176000.0,0.0,83.0,434367.0,0.04,96000.0,10176000.0,96000.0,383748.0,383748.0,384084.0,376038.0,160258.0,384166.0,0.04,0.04,0.04,-7886.0,462997.0,-29103.0,1174054.0,383748.0,ACE,0
2022-09-30,1814696.0,35921.0,381493.0,417341.0,1814696.0,74.0,36051.0,532196.0,-1518.0,381493.0,1350577.0,381420.0,0.04,1364807.0,0.04,10172195.0,0.0,74.0,418844.0,0.04,117992.0,10172195.0,117992.0,381493.0,381493.0,382794.0,349149.0,160484.0,382867.0,0.04,0.04,0.04,-1518.0,449889.0,-32548.0,1350577.0,381493.0,ACE,0
2022-12-31,1843562.0,-15860.0,194027.0,178028.0,1843562.0,138.0,-9602.0,547830.0,-3820.0,194027.0,1370254.0,193889.0,0.02,1629598.0,0.02,10150371.0,0.0,138.0,195910.0,0.02,133023.0,10150371.0,133023.0,194027.0,194027.0,205512.0,361987.0,163275.0,205651.0,0.02,0.02,0.02,-3820.0,213964.0,-35936.0,1370254.0,194027.0,ACE,0
2023-03-31,1740571.0,12066.0,275025.0,287004.0,1740571.0,87.0,12600.0,546346.0,-4690.0,275025.0,1274394.0,274938.0,0.03,1410011.0,0.03,10176000.0,0.0,87.0,299705.0,0.03,121383.0,10176000.0,121383.0,275025.0,275025.0,287106.0,362185.0,161623.0,287193.0,0.03,0.03,0.03,-4690.0,330559.0,-43556.0,1274394.0,275025.0,ACE,0
2023-06-30,1613320.0,26777.0,315806.0,342501.0,1613320.0,82.0,27026.0,521237.0,-14406.0,315806.0,1191764.0,315724.0,0.03,1221210.0,0.03,10075634.0,0.0,82.0,345691.0,0.03,106692.0,10075634.0,106692.0,315806.0,315806.0,318665.0,332461.0,166206.0,318747.0,0.03,0.03,0.03,-14406.0,392111.0,-49610.0,1191764.0,315806.0,ACE,0
2023-09-30,1627415.0,28972.0,316815.0,345722.0,1627415.0,65.0,29044.0,550769.0,-2919.0,316815.0,1168690.0,316750.0,0.03,1232199.0,0.03,10075634.0,0.0,65.0,346580.0,0.03,106907.0,10075634.0,106907.0,316815.0,316815.0,317536.0,355594.0,172582.0,317601.0,0.03,0.03,0.03,-2919.0,395216.0,-49494.0,1168690.0,316815.0,ACE,0
2023-12-31,1601401.0,-7012.0,164865.0,157787.0,1601401.0,66.0,-8018.0,518625.0,-4663.0,164865.0,1165563.0,164799.0,0.02,1391738.0,0.02,10075634.0,0.0,66.0,154915.0,0.02,109808.0,10075634.0,109808.0,164865.0,164865.0,162932.0,327820.0,168186.0,162998.0,0.02,0.02,0.02,-4663.0,209662.0,-51876.0,1165563.0,164865.0,ACE,0
2024-03-31,1471376.0,47365.0,255220.0,302603.0,1471376.0,-18.0,48842.0,460647.0,-8577.0,255220.0,1121406.0,255238.0,0.03,1103366.0,0.03,10075634.0,0.0,-18.0,312039.0,0.03,101735.0,10075634.0,101735.0,255220.0,255220.0,263197.0,266248.0,171773.0,263179.0,0.03,0.03,0.03,-8577.0,368010.0,-65407.0,1121406.0,255220.0,ACE,0
2024-06-30,1566711.0,19410.0,219602.0,238886.0,1566711.0,126.0,19734.0,512816.0,-4716.0,219602.0,1168475.0,219476.0,0.02,1255381.0,0.02,10075634.0,0.0,126.0,242871.0,0.02,103140.0,10075634.0,103140.0,219602.0,219602.0,223137.0,303796.0,186234.0,223264.0,0.02,0.02,0.02,-4716.0,311330.0,-72444.0,1168475.0,219602.0,ACE,0
2021-03-31,3397783.0,25931.0,202587.0,298589.0,3397783.0,-70071.0,25931.0,414399.0,-11241.0,202587.0,3029992.0,272658.0,0.14,3084274.0,0.14,1446000.0,0.0,-70071.0,298589.0,0.14,65523.0,1446000.0,65523.0,202587.0,202587.0,272658.0,313509.0,100890.0,202587.0,0.14,0.14,0.14,-11241.0,313509.0,-14920.0,3029992.0,202587.0,BBGI,0
2021-06-30,3538540.0,15098.0,106674.0,164338.0,3538540.0,-42566.0,15098.0,281417.0,-6489.0,106674.0,3307672.0,149240.0,0.07,3360456.0,0.07,1446000.0,0.0,-42566.0,164338.0,0.07,59273.0,1446000.0,59273.0,106674.0,106674.0,149240.0,178084.0,103333.0,106674.0,0.07,0.07,0.07,-6489.0,178084.0,-13746.0,3307672.0,106674.0,BBGI,0
2021-09-30,3157663.0,114019.0,593752.0,750021.0,3157663.0,-42250.0,114019.0,253291.0,-10554.0,593752.0,2953490.0,636002.0,0.41,2398720.0,0.41,1446000.0,0.0,-42250.0,750021.0,0.41,67577.0,1446000.0,67577.0,593752.0,593752.0,636002.0,147150.0,106141.0,593752.0,0.41,0.41,0.41,-10554.0,758943.0,-8922.0,2953490.0,593752.0,BBGI,0
2021-12-31,4000954.0,-4854.0,57163.0,125430.0,4000954.0,-73121.0,-4854.0,255688.0,-8980.0,57163.0,3774261.0,130284.0,0.04,3848600.0,0.04,1446000.0,0.0,-73121.0,125430.0,0.04,83320.0,1446000.0,83320.0,57163.0,57163.0,130284.0,152354.0,103334.0,57163.0,0.04,0.04,0.04,-8980.0,152354.0,-26924.0,3774261.0,57163.0,BBGI,0
2022-03-31,3739814.0,18328.0,130326.0,215364.0,3739814.0,-66710.0,18328.0,344522.0,-7524.0,130326.0,3419934.0,197036.0,0.13,3497134.0,0.13,1012800.0,0.15,-66710.0,215364.0,0.13,84724.0,1012800.0,84724.0,130326.0,130326.0,197036.0,242680.0,101842.0,130326.0,0.13,0.13,0.13,-7524.0,242680.0,-27316.0,3419934.0,130326.0,BBGI,0
2022-06-30,3413275.0,-8252.0,-56054.0,-38684.0,3413275.0,-25622.0,-8252.0,81036.0,-7375.0,-56054.0,3376281.0,-30432.0,-0.06,3425366.0,-0.06,1012800.0,0.05,-25622.0,-38684.0,-0.06,68103.0,1012800.0,68103.0,-56054.0,-56054.0,-30432.0,-23734.0,104770.0,-56054.0,-0.06,-0.06,-0.06,-7375.0,-12091.0,-26593.0,3376281.0,-56054.0,BBGI,0
2022-09-30,2950770.0,-7148.0,-68870.0,-95626.0,2950770.0,19608.0,-7148.0,37590.0,-7291.0,-68870.0,2955195.0,-88478.0,-0.07,3019583.0,-0.07,1012800.0,0.0,19608.0,-95626.0,-0.07,71679.0,1012800.0,71679.0,-68870.0,-68870.0,-88478.0,-68813.0,106403.0,-68870.0,-0.07,-0.07,-0.07,-7291.0,-68813.0,-26813.0,2955195.0,-68870.0,BBGI,0
2022-12-31,3269918.0,-2625.0,15016.0,16093.0,3269918.0,-3702.0,-2625.0,146604.0,-22877.0,15016.0,3158125.0,18718.0,0.01,3231940.0,0.01,1359360.0,0.05,-3702.0,16093.0,0.01,85049.0,1359360.0,85049.0,15016.0,15016.0,18718.0,37979.0,108626.0,15016.0,0.01,0.01,0.01,-11234.0,37979.0,-21886.0,3158125.0,15016.0,BBGI,0
2023-03-31,2941646.0,1276.0,-30692.0,-24772.0,2941646.0,-4644.0,1276.0,111106.0,-13763.0,-30692.0,2866803.0,-26048.0,-0.02,2943034.0,-0.02,1446000.0,0.0,-4644.0,-24772.0,-0.02,89994.0,1446000.0,89994.0,-30692.0,-30692.0,-26048.0,-1388.0,112494.0,-30692.0,-0.02,-0.02,-0.02,-13763.0,-1388.0,-23384.0,2866803.0,-30692.0,BBGI,0
2023-06-30,3049075.0,9384.0,-40162.0,-473.0,3049075.0,-30305.0,9384.0,121284.0,-61334.0,-40162.0,2991593.0,-9857.0,-0.03,3026163.0,-0.03,1446000.0,0.0,-30305.0,-473.0,-0.03,115310.0,1446000.0,115310.0,-40162.0,-40162.0,-9857.0,3506.0,117778.0,-40162.0,-0.03,-0.03,-0.03,-61334.0,22912.0,-23385.0,2991593.0,-40162.0,BBGI,0
2023-09-30,3526440.0,4163.0,1619.0,28675.0,3526440.0,-22893.0,4163.0,171230.0,-6464.0,1619.0,3410400.0,24512.0,0.0,3475537.0,0.0,1446000.0,0.0,-22893.0,28675.0,0.0,71601.0,1446000.0,71601.0,1619.0,1619.0,24512.0,50903.0,120327.0,1619.0,0.0,0.0,0.0,-6464.0,50903.0,-22228.0,3410400.0,1619.0,BBGI,0
2023-12-31,4240088.0,4961.0,79099.0,116861.0,4240088.0,-32800.0,4961.0,255150.0,-35655.0,79099.0,4047321.0,111899.0,0.05,4103577.0,0.05,1446000.0,0.05,-32800.0,116861.0,0.05,72505.0,1446000.0,72505.0,79099.0,79099.0,111899.0,136510.0,118639.0,79099.0,0.05,0.05,0.05,-16249.0,136510.0,-19650.0,4047321.0,79099.0,BBGI,0
2024-03-31,4958178.0,6559.0,119834.0,148625.0,4958178.0,-22232.0,6559.0,285807.0,-10050.0,119834.0,4719014.0,142066.0,0.08,4791057.0,0.08,1446000.0,0.0,-22232.0,148625.0,0.08,82093.0,1446000.0,82093.0,119834.0,119834.0,142066.0,167121.0,118686.0,119834.0,0.08,0.08,0.08,-10050.0,167121.0,-18496.0,4719014.0,119834.0,BBGI,0
2024-06-30,5208824.0,6017.0,39719.0,67539.0,5208824.0,-21803.0,6017.0,205163.0,-21698.0,39719.0,5061469.0,61522.0,0.03,5116087.0,0.03,1446000.0,0.0,-21803.0,67539.0,0.03,83884.0,1446000.0,83884.0,39719.0,39719.0,61522.0,85169.0,119994.0,39719.0,0.03,0.03,0.03,-21698.0,92737.0,-25198.0,5061469.0,39719.0,BBGI,0
2015-03-31,752137.0,897.0,546638.0,547535.0,752137.0,0.0,897.0,711615.0,-8.0,546638.0,153090.0,546638.0,0.73,158231.0,0.73,750182.0,0.0,0.0,547535.0,0.73,5150.0,750182.0,5150.0,546638.0,546638.0,546638.0,593905.0,117710.0,546638.0,0.73,0.73,0.73,-8.0,593905.0,-46370.0,153090.0,546638.0,BCPG,0
2015-06-30,774963.0,396.0,563404.0,563800.0,774963.0,0.0,396.0,730508.0,-2.0,563404.0,154244.0,563404.0,0.75,163676.0,0.75,750182.0,0.0,0.0,563800.0,0.75,9434.0,750182.0,9434.0,563404.0,563404.0,563404.0,611287.0,119220.0,563404.0,0.75,0.75,0.75,-2.0,611287.0,-47487.0,154244.0,563404.0,BCPG,0
2015-09-30,730776.0,261.0,521092.0,521352.0,730776.0,0.0,261.0,690269.0,-6.0,521092.0,155452.0,521092.0,0.69,161009.0,0.69,750182.0,0.0,0.0,521352.0,0.69,5563.0,750182.0,5563.0,521092.0,521092.0,521092.0,569767.0,120502.0,521092.0,0.69,0.69,0.69,-6.0,569767.0,-48414.0,155452.0,521092.0,BCPG,0
2015-12-31,766351.0,9862.0,516237.0,526099.0,766351.0,0.0,9862.0,700663.0,-323.0,516237.0,161278.0,516237.0,0.69,186246.0,0.69,750182.0,0.15,0.0,526099.0,0.69,25292.0,750182.0,25292.0,516237.0,516237.0,516237.0,580104.0,120559.0,516237.0,0.69,0.69,0.69,-323.0,580104.0,-54005.0,161278.0,516237.0,BCPG,0
2016-03-31,782754.0,-881.0,612525.0,611644.0,782754.0,0.0,-80188.0,626428.0,-1995.0,612525.0,187694.0,612525.0,0.6,74098.0,0.79,779593.0,0.0,0.0,385051.0,0.79,114991.0,779593.0,114991.0,612525.0,612525.0,465239.0,482064.0,144363.0,465239.0,0.79,0.79,0.6,-1995.0,708656.0,-97013.0,187694.0,612525.0,BCPG,0
2016-06-30,759477.0,-4889.0,454918.0,450029.0,759477.0,0.0,-4889.0,522219.0,-15434.0,454918.0,192416.0,454918.0,0.32,383062.0,0.32,1441180.0,0.38,0.0,450029.0,0.32,206080.0,1419264.0,206080.0,454918.0,454918.0,454918.0,376414.0,145804.0,454918.0,0.32,0.32,0.32,-15434.0,376414.0,73615.0,192416.0,454918.0,BCPG,0
2016-09-30,785054.0,-1668.0,360239.0,358570.0,785054.0,0.0,-1668.0,609380.0,-11087.0,360239.0,215844.0,360239.0,0.25,334462.0,0.25,1451770.0,0.15,0.0,358570.0,0.25,129705.0,1451770.0,129705.0,360239.0,360239.0,360239.0,450593.0,158788.0,360239.0,0.25,0.25,0.25,-11087.0,450593.0,-92022.0,215844.0,360239.0,BCPG,0
2016-12-31,756627.0,-15097.0,326790.0,311694.0,756627.0,0.0,-94404.0,548072.0,-14583.0,326790.0,243238.0,326790.0,0.09,151456.0,0.16,2021754.0,0.15,0.0,85101.0,0.16,149394.0,2021754.0,149394.0,326790.0,326790.0,179505.0,378578.0,169493.0,179505.0,0.16,0.16,0.09,-14583.0,605171.0,-293477.0,243238.0,326790.0,BCPG,0
2017-03-31,797982.0,-1373.0,453990.0,452617.0,797982.0,0.0,-22926.0,624350.0,-2149.0,453990.0,221317.0,453990.0,0.21,337566.0,0.23,2017382.0,0.15,0.0,391035.0,0.23,118398.0,2017382.0,118398.0,453990.0,453990.0,413962.0,460416.0,163934.0,413962.0,0.23,0.23,0.21,-2149.0,460416.0,-69380.0,221317.0,453990.0,BCPG,0
2017-06-30,889590.0,-1834.0,462468.0,460634.0,889590.0,0.0,-1629.0,635080.0,0.0,462468.0,247547.0,462468.0,0.23,433743.0,0.23,2045931.0,0.15,0.0,461221.0,0.23,184047.0,2041912.0,184047.0,462468.0,462468.0,462849.0,455847.0,179233.0,462849.0,0.23,0.23,0.23,-2762.0,455847.0,-138800.0,247547.0,462468.0,BCPG,0
2017-09-30,853938.0,-1760.0,196007.0,194247.0,853938.0,0.0,-1760.0,608726.0,16825.0,196007.0,245029.0,196007.0,0.1,424997.0,0.1,2022009.0,0.15,0.0,194247.0,0.1,179968.0,2019019.0,179968.0,196007.0,196007.0,196007.0,428941.0,179785.0,196007.0,0.1,0.1,0.1,-2762.0,428941.0,-251519.0,245029.0,196007.0,BCPG,0
2017-12-31,780971.0,10576.0,661754.0,672331.0,780971.0,0.0,10864.0,529167.0,331.0,661754.0,254579.0,661754.0,0.34,431048.0,0.33,2023647.0,0.16,0.0,690596.0,0.33,176469.0,2019606.0,176469.0,661754.0,661754.0,679733.0,349923.0,179245.0,679733.0,0.33,0.33,0.34,-2762.0,349923.0,340343.0,254579.0,661754.0,BCPG,0
2018-03-31,801499.0,347.0,381974.0,382321.0,801499.0,0.0,347.0,592428.0,1165.0,381974.0,239554.0,381974.0,0.19,385618.0,0.19,2020459.0,0.16,0.0,382321.0,0.19,146064.0,2020459.0,146064.0,381974.0,381974.0,381974.0,415881.0,176547.0,381974.0,0.19,0.19,0.19,-2762.0,415881.0,-34725.0,239554.0,381974.0,BCPG,0
2018-06-30,873833.0,-1664.0,418986.0,417322.0,873833.0,0.0,-1664.0,669969.0,100973.0,418986.0,247460.0,418986.0,0.21,381869.0,0.21,2023752.0,0.16,0.0,417322.0,0.21,134409.0,2022579.0,134409.0,418986.0,418986.0,418986.0,491964.0,178005.0,418986.0,0.21,0.21,0.21,-2762.0,491964.0,-175615.0,247460.0,418986.0,BCPG,0
2018-09-30,829675.0,151941.0,1139273.0,1291214.0,829675.0,0.0,58431.0,625872.0,6570.0,1139273.0,254305.0,1139273.0,0.22,386955.0,0.56,2024377.0,0.16,0.0,496555.0,0.56,132650.0,2024067.0,132650.0,1139273.0,1139273.0,438124.0,442720.0,183152.0,438124.0,0.56,0.56,0.22,-2762.0,442720.0,47265.0,254305.0,1139273.0,BCPG,0
2018-12-31,815316.0,-45053.0,309817.0,264765.0,815316.0,0.0,-44458.0,564686.0,3055.0,309817.0,227756.0,309817.0,0.15,406076.0,0.15,2038223.0,0.16,0.0,266464.0,0.15,178320.0,2024259.0,178320.0,309817.0,309817.0,310922.0,409239.0,155447.0,310922.0,0.15,0.15,0.15,-2762.0,409239.0,-145831.0,227756.0,309817.0,BCPG,0
2019-03-31,807792.0,-1917.0,491563.0,489646.0,807792.0,0.0,-1917.0,609432.0,1974.0,491563.0,206944.0,491563.0,0.24,351246.0,0.24,2025854.0,0.16,0.0,489646.0,0.24,144302.0,2024361.0,144302.0,491563.0,491563.0,491563.0,456546.0,152886.0,491563.0,0.24,0.24,0.24,-2762.0,456546.0,31126.0,206944.0,491563.0,BCPG,0
2019-06-30,847603.0,-2543.0,463836.0,461293.0,847603.0,0.0,-2543.0,651492.0,5315.0,463836.0,223599.0,463836.0,0.23,355986.0,0.23,2025447.0,0.16,0.0,461293.0,0.23,132387.0,2025062.0,132387.0,463836.0,463836.0,463836.0,491617.0,159875.0,463836.0,0.23,0.23,0.23,-2762.0,491617.0,-35639.0,223599.0,463836.0,BCPG,0
2019-09-30,790043.0,-1862.0,401190.0,399328.0,790043.0,0.0,-1862.0,583499.0,1358.0,401190.0,226236.0,401190.0,0.2,372045.0,0.2,2026169.0,0.16,0.0,399328.0,0.2,145809.0,2026169.0,145809.0,401190.0,401190.0,401190.0,417998.0,165501.0,401190.0,0.2,0.2,0.2,-2762.0,417998.0,-20028.0,226236.0,401190.0,BCPG,0
2019-12-31,981174.0,-1994.0,444835.0,442175.0,981174.0,665.0,-1994.0,735973.0,5402.0,444835.0,304651.0,444170.0,0.22,457187.0,0.22,2026372.0,0.16,665.0,442175.0,0.22,152536.0,2026372.0,152536.0,444835.0,444835.0,444170.0,523987.0,211986.0,444835.0,0.22,0.22,0.22,-2762.0,523987.0,-87214.0,304651.0,444835.0,BCPG,0
2020-03-31,886417.0,93028.0,573688.0,666759.0,886417.0,-43.0,92956.0,673214.0,-9721.0,573688.0,308876.0,573731.0,0.28,120798.0,0.28,2026561.0,0.0,-43.0,666240.0,0.28,147539.0,2026408.0,147539.0,573688.0,573688.0,573284.0,436908.0,236306.0,573241.0,0.28,0.28,0.28,-6906.0,765619.0,-96045.0,308876.0,573688.0,BCPG,0
2020-06-30,969597.0,-70375.0,354778.0,284370.0,969597.0,33.0,-70375.0,758988.0,-2537.0,354778.0,358096.0,354745.0,0.18,566220.0,0.18,2026597.0,0.16,33.0,284370.0,0.18,114200.0,2026449.0,114200.0,354778.0,354778.0,354745.0,498726.0,260262.0,354778.0,0.18,0.18,0.18,-1425.0,403377.0,-117895.0,358096.0,354778.0,BCPG,0
2020-09-30,1237903.0,10739.0,673088.0,683951.0,1237903.0,-124.0,10739.0,1033788.0,-19565.0,673088.0,373465.0,673212.0,0.33,425960.0,0.33,2026612.0,0.0,-124.0,683951.0,0.33,114609.0,2026472.0,114609.0,673088.0,673088.0,673212.0,750612.0,283176.0,673088.0,0.33,0.33,0.33,-783.0,811943.0,-109210.0,373465.0,673088.0,BCPG,0
2020-12-31,1136734.0,-839.0,310698.0,309120.0,1136734.0,738.0,-839.0,884752.0,8468.0,310698.0,395716.0,309960.0,0.11,610742.0,0.11,2911012.0,0.17,738.0,309120.0,0.14,155796.0,2266968.0,155796.0,310698.0,310698.0,309960.0,586406.0,298346.0,310698.0,0.11,0.14,0.14,-1184.0,525992.0,-226523.0,395716.0,310698.0,BCPG,0
2021-03-31,1046650.0,1627.0,523355.0,524823.0,1046650.0,159.0,1627.0,818170.0,-11217.0,523355.0,393678.0,523196.0,0.19,476348.0,0.19,2801910.0,0.0,159.0,524823.0,0.2,137477.0,2641539.0,137477.0,523355.0,523355.0,523196.0,526259.0,291911.0,523355.0,0.19,0.2,0.2,-10764.0,570302.0,-45026.0,393678.0,523355.0,BCPG,0
2021-06-30,1088212.0,23881.0,565072.0,588763.0,1088212.0,190.0,23881.0,836408.0,-6531.0,565072.0,396060.0,564882.0,0.2,458542.0,0.2,2802241.0,0.16,190.0,588763.0,0.21,148857.0,2641870.0,148857.0,565072.0,565072.0,564882.0,544654.0,291754.0,565072.0,0.2,0.21,0.21,-1359.0,629670.0,-35735.0,396060.0,565072.0,BCPG,0
2021-09-30,1302263.0,79166.0,684702.0,763755.0,1302263.0,113.0,79166.0,1019129.0,-5052.0,684702.0,393980.0,684589.0,0.24,381859.0,0.24,2823974.0,0.0,113.0,763755.0,0.25,131574.0,2696304.0,131574.0,684702.0,684702.0,684589.0,732680.0,286449.0,684702.0,0.24,0.25,0.25,44029.0,920404.0,-155820.0,393980.0,684702.0,BCPG,0
2021-12-31,1231674.0,-40619.0,237692.0,197207.0,1231674.0,-134.0,-23365.0,882544.0,-36242.0,237692.0,424158.0,237826.0,0.09,941688.0,0.08,2846154.0,0.17,-134.0,246504.0,0.08,237181.0,2846154.0,237181.0,237692.0,237692.0,269869.0,572419.0,310126.0,269735.0,0.08,0.08,0.09,-2084.0,289986.0,-58621.0,424158.0,237692.0,BCPG,0
2022-03-31,1158478.0,399218.0,1363036.0,1762741.0,1158478.0,-487.0,-224547.0,889675.0,-383579.0,1363036.0,420648.0,1363523.0,0.07,-1048536.0,0.47,2930075.0,0.0,-487.0,-19446.0,0.47,176463.0,2894064.0,176463.0,1363036.0,1363036.0,205101.0,564922.0,210013.0,204614.0,0.47,0.47,0.07,-3555.0,2207014.0,-64249.0,420648.0,1363036.0,BCPG,0
2022-06-30,1436457.0,41653.0,330237.0,372442.0,1436457.0,-552.0,41653.0,1094344.0,-9560.0,330237.0,503461.0,330789.0,0.11,817208.0,0.11,2928678.0,0.2,-552.0,372442.0,0.11,231311.0,2894096.0,231311.0,330237.0,330237.0,330789.0,704447.0,260151.0,330237.0,0.11,0.11,0.11,-2762.0,619249.0,-240009.0,503461.0,330237.0,BCPG,0
2022-09-30,1543534.0,84367.0,640860.0,725588.0,1543534.0,-361.0,84367.0,1197612.0,-4060.0,640860.0,521313.0,641221.0,0.22,549964.0,0.22,2926421.0,0.0,-361.0,725588.0,0.22,226793.0,2895579.0,226793.0,640860.0,640860.0,641221.0,799921.0,261392.0,640860.0,0.22,0.22,0.22,-4493.0,993570.0,-268415.0,521313.0,640860.0,BCPG,0
2022-12-31,1266720.0,51648.0,295931.0,348021.0,1266720.0,-442.0,51676.0,925098.0,-13478.0,295931.0,532922.0,296373.0,0.1,730355.0,0.1,2945799.0,0.16,-442.0,348210.0,0.1,205249.0,2905353.0,205249.0,295931.0,295931.0,296534.0,533109.0,256696.0,296092.0,0.1,0.1,0.1,-4560.0,536364.0,-179425.0,532922.0,295931.0,BCPG,0
2023-03-31,1057230.0,95700.0,511845.0,608467.0,1057230.0,-922.0,56008.0,768630.0,1513.0,511845.0,519504.0,512767.0,0.1,262542.0,0.18,2924110.0,0.0,-922.0,356102.0,0.18,153987.0,2907729.0,153987.0,511845.0,511845.0,300094.0,385431.0,257494.0,299172.0,0.18,0.18,0.1,-1692.0,794688.0,-189426.0,519504.0,511845.0,BCPG,0
2023-06-30,1092713.0,69860.0,201116.0,271916.0,1092713.0,-940.0,69904.0,782947.0,-4132.0,201116.0,567287.0,202056.0,0.07,542004.0,0.07,2923193.0,0.1,-940.0,272087.0,0.07,168157.0,2908081.0,168157.0,201116.0,201116.0,202183.0,361401.0,280173.0,201243.0,0.07,0.07,0.07,-4132.0,550709.0,-278793.0,567287.0,201116.0,BCPG,0
2023-09-30,1563577.0,131164.0,564773.0,696372.0,1563577.0,-435.0,131259.0,1234147.0,32724.0,564773.0,702931.0,565208.0,0.19,723874.0,0.19,2923930.0,0.0,-435.0,696877.0,0.19,138878.0,2923930.0,138878.0,564773.0,564773.0,565618.0,732462.0,326443.0,565183.0,0.19,0.19,0.19,-10694.0,839703.0,-186749.0,702931.0,564773.0,BCPG,0
2023-12-31,1317906.0,39413.0,-173698.0,-134394.0,1317906.0,108.0,74874.0,971232.0,-40603.0,-173698.0,768327.0,-173807.0,-0.04,1098034.0,-0.06,2932911.0,0.15,108.0,-33076.0,-0.06,127307.0,2932911.0,127307.0,-173698.0,-173698.0,-107950.0,469873.0,325514.0,-107842.0,-0.06,-0.06,-0.04,-47601.0,219873.0,-361264.0,768327.0,-173698.0,BCPG,0
2024-03-31,1194073.0,116923.0,440513.0,558048.0,1194073.0,-612.0,117974.0,894758.0,-20959.0,440513.0,693007.0,441125.0,0.15,662254.0,0.15,2995759.0,0.0,-612.0,563066.0,0.15,122410.0,2995759.0,122410.0,440513.0,440513.0,445092.0,399615.0,320966.0,444480.0,0.15,0.15,0.15,-20959.0,531819.0,26229.0,693007.0,440513.0,BCPG,0
2024-06-30,1083640.0,111869.0,1243433.0,1355809.0,1083640.0,-507.0,-425526.0,1009941.0,-398595.0,1243433.0,711880.0,1243940.0,0.08,-879914.0,0.42,2995759.0,0.1,-507.0,-179605.0,0.42,243765.0,2995759.0,243765.0,1243433.0,1243433.0,245921.0,511565.0,320863.0,245414.0,0.42,0.42,0.08,-383570.0,1963554.0,-592720.0,711880.0,1243433.0,BCPG,0
2012-03-31,0.0,0.0,32928.0,32928.0,0.0,0.0,0.0,-436.0,4678.0,32928.0,1309392.0,32928.0,0.01,442.0,0.01,4814774.0,0.0,0.0,32928.0,0.01,442.0,4814774.0,442.0,32928.0,32928.0,32928.0,-442.0,6.0,32928.0,0.01,0.01,0.01,-2401.0,-442.0,33370.0,1309392.0,32928.0,CKP,0
2012-06-30,491123.0,483.0,-106330.0,-244336.0,483721.0,138489.0,483.0,304617.0,4678.0,-106330.0,246101.0,-244819.0,-0.02,369168.0,-0.02,4814788.0,0.0,138489.0,-244336.0,-0.02,45567.0,4814788.0,45567.0,-106330.0,-106330.0,-244819.0,121955.0,182662.0,-106330.0,-0.02,-0.02,-0.02,-2401.0,121955.0,-366291.0,246101.0,-106330.0,CKP,0
2012-09-30,1008254.0,1180.0,95729.0,235951.0,997071.0,-139042.0,1180.0,689491.0,4678.0,95729.0,416716.0,234771.0,0.02,603057.0,0.02,4814788.0,0.0,-139042.0,235951.0,0.02,65113.0,4814788.0,65113.0,95729.0,95729.0,234771.0,405197.0,284294.0,95729.0,0.02,0.02,0.02,-5.0,405197.0,-169246.0,416716.0,95729.0,CKP,0
2012-12-31,1042922.0,292.0,32689.0,89473.0,1031671.0,-56491.0,292.0,661970.0,4678.0,32689.0,455926.0,89181.0,0.01,664300.0,0.01,4814788.0,0.0,-56491.0,89473.0,0.01,84853.0,4814788.0,84853.0,32689.0,32689.0,89181.0,378622.0,283347.0,32689.0,0.01,0.01,0.01,-204.0,378622.0,-289150.0,455926.0,32689.0,CKP,0
2013-03-31,1014601.0,840.0,92887.0,252528.0,1003591.0,-158801.0,840.0,661281.0,4678.0,92887.0,415871.0,251688.0,0.02,630516.0,0.02,4814788.0,0.0,-158801.0,252528.0,0.02,91705.0,4814788.0,91705.0,92887.0,92887.0,251688.0,384085.0,277196.0,92887.0,0.02,0.02,0.02,-785.0,384085.0,-131557.0,415871.0,92887.0,CKP,0
2013-06-30,1028660.0,721.0,-76829.0,-147441.0,1017675.0,71333.0,721.0,695253.0,4678.0,-76829.0,400625.0,-148162.0,-0.02,613797.0,-0.02,4814788.0,0.0,71333.0,-147441.0,-0.02,89449.0,4814788.0,89449.0,-76829.0,-76829.0,-148162.0,414863.0,280390.0,-76829.0,-0.02,-0.02,-0.02,-2401.0,414863.0,-562304.0,400625.0,-76829.0,CKP,0
2013-09-30,1991837.0,756.0,182104.0,450185.0,1980912.0,-267325.0,756.0,1126250.0,4678.0,182104.0,977547.0,449429.0,0.03,1204617.0,0.03,5613460.0,0.0,-267325.0,450185.0,0.03,96851.0,5613460.0,96851.0,182104.0,182104.0,449429.0,787220.0,339030.0,182104.0,0.03,0.03,0.03,-102.0,787220.0,-337035.0,977547.0,182104.0,CKP,0
2013-12-31,1577223.0,-430.0,20722.0,49224.0,1566095.0,-28932.0,-430.0,662962.0,4678.0,20722.0,992405.0,49654.0,0.0,1253227.0,0.0,5762342.0,0.0,-28932.0,49224.0,0.0,131826.0,5762342.0,131826.0,20722.0,20722.0,49654.0,323996.0,338966.0,20722.0,0.0,0.0,0.0,-1325.0,323996.0,-274772.0,992405.0,20722.0,CKP,0
2014-03-31,1756666.0,0.0,122319.0,223853.0,1743212.0,-101534.0,0.0,871327.0,4678.0,122319.0,987215.0,223853.0,0.02,1208810.0,0.02,5756811.0,0.0,-101534.0,223853.0,0.02,93116.0,5756811.0,93116.0,122319.0,122319.0,223853.0,547856.0,323471.0,122319.0,0.02,0.02,0.02,-1842.0,547856.0,-324003.0,987215.0,122319.0,CKP,0
2014-06-30,1540106.0,0.0,35381.0,27259.0,1525337.0,8122.0,0.0,645976.0,4678.0,35381.0,1000452.0,27259.0,0.01,1226074.0,0.01,5756811.0,0.0,8122.0,27259.0,0.01,97097.0,5756811.0,97097.0,35381.0,35381.0,27259.0,314032.0,331944.0,35381.0,0.01,0.01,0.01,-1796.0,314032.0,-286773.0,1000452.0,35381.0,CKP,0
2014-09-30,1723790.0,0.0,98824.0,183371.0,1709405.0,-84547.0,0.0,808525.0,4678.0,98824.0,1015766.0,183371.0,0.02,1251378.0,0.02,5756811.0,0.0,-84547.0,183371.0,0.02,105323.0,5756811.0,105323.0,98824.0,98824.0,183371.0,472412.0,336113.0,98824.0,0.02,0.02,0.02,-32.0,472412.0,-289041.0,1015766.0,98824.0,CKP,0
2014-12-31,1978437.0,244.0,215292.0,447910.0,1964188.0,-232374.0,244.0,1049545.0,4678.0,215292.0,1098734.0,447666.0,0.04,1265652.0,0.04,5756811.0,0.02,-232374.0,447910.0,0.04,36961.0,5756811.0,36961.0,215292.0,215292.0,447666.0,712784.0,336761.0,215292.0,0.04,0.04,0.04,-364.0,712784.0,-264875.0,1098734.0,215292.0,CKP,0
2015-03-31,1652343.0,0.0,84036.0,136670.0,1637102.0,-52634.0,0.0,754611.0,4678.0,84036.0,1013324.0,136670.0,0.01,1227270.0,0.01,5756811.0,0.0,-52634.0,136670.0,0.01,86057.0,5756811.0,86057.0,84036.0,84036.0,136670.0,425073.0,329538.0,84036.0,0.01,0.01,0.01,-2432.0,425073.0,-288403.0,1013324.0,84036.0,CKP,0
2015-06-30,1660743.0,0.0,131016.0,253825.0,1645665.0,-122809.0,0.0,812825.0,4678.0,131016.0,966475.0,253825.0,0.02,1181020.0,0.02,6178132.0,0.0,-122809.0,253825.0,0.02,90817.0,6178132.0,90817.0,131016.0,131016.0,253825.0,479723.0,333102.0,131016.0,0.02,0.02,0.02,-6593.0,479723.0,-225898.0,966475.0,131016.0,CKP,0
2015-09-30,1498994.0,158.0,36168.0,51057.0,1483775.0,-14731.0,158.0,637554.0,4678.0,36168.0,990991.0,50899.0,0.0,1198349.0,0.0,7370000.0,0.0,-14731.0,51057.0,0.0,77161.0,7370000.0,77161.0,36168.0,36168.0,50899.0,300645.0,336909.0,36168.0,0.0,0.0,0.0,-124.0,300645.0,-249588.0,990991.0,36168.0,CKP,0
2015-12-31,1945018.0,135.0,160655.0,344859.0,1929964.0,-184069.0,135.0,946204.0,4678.0,160655.0,1126028.0,344724.0,0.02,1334855.0,0.02,7378332.0,0.02,-184069.0,344859.0,0.02,90528.0,7378332.0,90528.0,160655.0,160655.0,344724.0,610163.0,336041.0,160655.0,0.02,0.02,0.02,-12022.0,610163.0,-265304.0,1126028.0,160655.0,CKP,0
2016-03-31,1549319.0,103.0,47452.0,82113.0,1533392.0,-34558.0,103.0,727895.0,4678.0,47452.0,927935.0,82010.0,0.01,1150486.0,0.01,7370000.0,0.0,-34558.0,82113.0,0.01,95153.0,7370000.0,95153.0,47452.0,47452.0,82010.0,398833.0,329062.0,47452.0,0.01,0.01,0.01,-2923.0,398833.0,-316720.0,927935.0,47452.0,CKP,0
2016-06-30,1542850.0,6533.0,62000.0,143400.0,1527200.0,-74867.0,6533.0,732819.0,4678.0,62000.0,923066.0,136867.0,0.01,1141157.0,0.01,7370000.0,0.0,-74867.0,143400.0,0.01,93536.0,7370000.0,93536.0,62000.0,62000.0,136867.0,401693.0,331126.0,62000.0,0.01,0.01,0.01,-5766.0,401693.0,-258293.0,923066.0,62000.0,CKP,0
2016-09-30,1808123.0,2185.0,122219.0,338978.0,1792449.0,-214574.0,2185.0,1010527.0,4678.0,122219.0,910450.0,336793.0,0.02,1132425.0,0.02,7370000.0,0.0,-214574.0,338978.0,0.02,94869.0,7370000.0,94869.0,122219.0,122219.0,336793.0,675698.0,334829.0,122219.0,0.02,0.02,0.02,-3215.0,675698.0,-336720.0,910450.0,122219.0,CKP,0
2016-12-31,1418450.0,4821.0,-176616.0,-356751.0,1403015.0,184956.0,4821.0,254999.0,4678.0,-176616.0,888627.0,-361572.0,-0.02,1498490.0,-0.02,7370000.0,0.06,184956.0,-356751.0,-0.02,486289.0,7370000.0,486289.0,-176616.0,-176616.0,-361572.0,-80040.0,335039.0,-176616.0,-0.02,-0.02,-0.02,-6747.0,-80040.0,-276712.0,888627.0,-176616.0,CKP,0
2017-03-31,1354513.0,681.0,-43624.0,-83163.0,1334372.0,40220.0,681.0,621568.0,4678.0,-43624.0,828067.0,-83844.0,-0.01,1060693.0,-0.01,7370000.0,0.0,40220.0,-83163.0,-0.01,103954.0,7370000.0,103954.0,-43624.0,-43624.0,-83844.0,293820.0,327748.0,-43624.0,-0.01,-0.01,-0.01,-1649.0,293820.0,-376983.0,828067.0,-43624.0,CKP,0
2017-06-30,1358785.0,679.0,10677.0,-22823.0,1330472.0,34179.0,679.0,621237.0,4678.0,10677.0,879055.0,-23502.0,0.0,1070220.0,0.0,7370000.0,0.0,34179.0,-22823.0,0.0,75788.0,7370000.0,75788.0,10677.0,10677.0,-23502.0,288565.0,332672.0,10677.0,0.0,0.0,0.0,-14944.0,288565.0,-311388.0,879055.0,10677.0,CKP,0
2017-09-30,2279260.0,12497.0,164815.0,372335.0,2250978.0,-195023.0,12497.0,1130623.0,4678.0,164815.0,1309392.0,359838.0,0.02,1532339.0,0.02,7370000.0,0.0,-195023.0,372335.0,0.02,108881.0,7370000.0,108881.0,164815.0,164815.0,359838.0,746921.0,383702.0,164815.0,0.02,0.02,0.02,-16255.0,746921.0,-374586.0,1309392.0,164815.0,CKP,0
2017-12-31,1886164.0,2473.0,26905.0,57493.0,1857889.0,-28115.0,2473.0,873548.0,4678.0,26905.0,1272016.0,55020.0,0.0,1527923.0,0.0,7370000.0,0.02,-28115.0,57493.0,0.0,125586.0,7370000.0,125586.0,26905.0,26905.0,55020.0,358241.0,384986.0,26905.0,0.0,0.0,0.0,-2401.0,358241.0,-305427.0,1272016.0,26905.0,CKP,0
2018-03-31,1821458.0,25.0,12518.0,-8270.0,1791475.0,20813.0,25.0,815855.0,4414.0,12518.0,1274316.0,-8295.0,0.0,1513751.0,0.0,7370000.0,0.0,20813.0,-8270.0,0.0,109114.0,7370000.0,109114.0,12518.0,12518.0,-8295.0,307707.0,377827.0,12518.0,0.0,0.0,0.0,-2401.0,307707.0,-320391.0,1274316.0,12518.0,CKP,0
2018-06-30,1963941.0,4641.0,66193.0,141104.0,1934096.0,-70270.0,4641.0,736833.0,9552.0,66193.0,1373008.0,136463.0,0.01,1628188.0,0.01,7450989.0,0.0,-70270.0,141104.0,0.01,124859.0,7450989.0,124859.0,66193.0,66193.0,136463.0,335753.0,270759.0,66193.0,0.01,0.01,0.01,-2401.0,335753.0,-204201.0,1373008.0,66193.0,CKP,0
2018-09-30,2973116.0,30140.0,398802.0,978246.0,2943024.0,-549304.0,30140.0,1903262.0,599.0,398802.0,1449495.0,948106.0,0.05,1698677.0,0.05,7370000.0,0.0,-549304.0,978246.0,0.05,118861.0,7370000.0,118861.0,398802.0,398802.0,948106.0,1274439.0,498502.0,398802.0,0.05,0.05,0.05,-2401.0,1274439.0,-296792.0,1449495.0,398802.0,CKP,0
2018-12-31,2311282.0,10054.0,121555.0,297836.0,2281329.0,-166226.0,10054.0,1056130.0,11219.0,121555.0,1485813.0,287782.0,0.02,1773174.0,0.02,7370000.0,0.03,-166226.0,297836.0,0.02,157040.0,7370000.0,157040.0,121555.0,121555.0,287782.0,538107.0,387702.0,121555.0,0.02,0.02,0.02,-2401.0,538107.0,-251490.0,1485813.0,121555.0,CKP,0
2019-03-31,2399335.0,8881.0,139421.0,300764.0,2362445.0,-152462.0,8881.0,1196017.0,4678.0,139421.0,1532472.0,291883.0,0.02,1732003.0,0.02,7370000.0,0.0,-152462.0,300764.0,0.02,107862.0,7370000.0,107862.0,139421.0,139421.0,291883.0,643412.0,419595.0,139421.0,0.02,0.02,0.02,-14732.0,667332.0,-366568.0,1532472.0,139421.0,CKP,0
2019-06-30,2176899.0,6276.0,83730.0,215643.0,2140037.0,-125637.0,6276.0,870235.0,4678.0,83730.0,1563076.0,209367.0,0.01,1691073.0,0.01,7370000.0,0.0,-125637.0,215643.0,0.01,112406.0,7370000.0,112406.0,83730.0,83730.0,209367.0,381178.0,356005.0,83730.0,0.01,0.01,0.01,-10082.0,485826.0,-270183.0,1563076.0,83730.0,CKP,0
2019-09-30,1843221.0,-3918.0,33343.0,17386.0,1802096.0,12039.0,-3918.0,646163.0,4678.0,33343.0,1475072.0,21304.0,0.0,1553387.0,0.0,8055309.0,0.0,12039.0,17386.0,0.0,110352.0,7966028.0,110352.0,33343.0,33343.0,21304.0,150116.0,362972.0,33343.0,0.0,0.0,0.0,-22640.0,289834.0,-272448.0,1475072.0,33343.0,CKP,0
2019-12-31,1957431.0,1039.0,512408.0,561308.0,1918411.0,-47861.0,1039.0,597713.0,4678.0,512408.0,1484974.0,560269.0,0.06,1577133.0,0.06,8133919.0,0.0,-47861.0,561308.0,0.06,111716.0,8133919.0,111716.0,512408.0,512408.0,560269.0,232755.0,234637.0,512408.0,0.06,0.06,0.06,-2335.0,380299.0,181009.0,1484974.0,512408.0,CKP,0
2020-03-31,1636781.0,-6008.0,-339532.0,-414123.0,1595253.0,68583.0,-6008.0,551121.0,4678.0,-339532.0,1370077.0,-408115.0,-0.04,1467806.0,-0.04,8129382.0,0.0,68583.0,-414123.0,-0.04,105588.0,8129382.0,105588.0,-339532.0,-339532.0,-408115.0,35615.0,382414.0,-339532.0,-0.04,-0.04,-0.04,-4820.0,168975.0,-583098.0,1370077.0,-339532.0,CKP,0
2020-06-30,1710940.0,-5975.0,-94860.0,-169205.0,1670424.0,68370.0,-5975.0,564363.0,4678.0,-94860.0,1429366.0,-163230.0,-0.01,1549095.0,-0.01,8129382.0,0.0,68370.0,-169205.0,-0.01,101072.0,8129382.0,101072.0,-94860.0,-94860.0,-163230.0,51243.0,382799.0,-94860.0,-0.01,-0.01,-0.01,-1062.0,161845.0,-331050.0,1429366.0,-94860.0,CKP,0
2020-09-30,2013103.0,5454.0,831308.0,956391.0,1972588.0,-119629.0,5454.0,911952.0,4678.0,831308.0,1389515.0,950937.0,0.1,1491784.0,0.1,8129383.0,0.0,-119629.0,956391.0,0.1,100404.0,8129383.0,100404.0,831308.0,831308.0,950937.0,394224.0,387407.0,831308.0,0.1,0.1,0.1,-1361.0,521319.0,435072.0,1389515.0,831308.0,CKP,0
2020-12-31,1334231.0,-9383.0,7798.0,-191269.0,1288717.0,189684.0,-9383.0,-62192.0,4678.0,7798.0,1279641.0,-181886.0,0.0,1415610.0,0.0,8129385.0,0.04,189684.0,-191269.0,0.0,120611.0,8129385.0,120611.0,7798.0,7798.0,-181886.0,-195368.0,2855.0,7798.0,0.0,0.0,0.0,-974.0,-81379.0,-109890.0,1279641.0,7798.0,CKP,0
2021-03-31,1985496.0,7941.0,114599.0,242886.0,1914341.0,-120346.0,7941.0,926959.0,4678.0,114599.0,1329806.0,234945.0,0.01,1448368.0,0.01,8129383.0,0.0,-120346.0,242886.0,0.01,114570.0,8129383.0,114570.0,114599.0,114599.0,234945.0,412327.0,381503.0,114599.0,0.01,0.01,0.01,-1528.0,537128.0,-294242.0,1329806.0,114599.0,CKP,0
2021-06-30,2179570.0,15960.0,706958.0,895839.0,2105616.0,-172921.0,15960.0,1028993.0,4678.0,706958.0,1413094.0,879879.0,0.09,1548153.0,0.09,8129383.0,0.0,-172921.0,895839.0,0.09,127405.0,8129383.0,127405.0,706958.0,706958.0,879879.0,509789.0,386041.0,706958.0,0.09,0.09,0.09,-1039.0,631417.0,264422.0,1413094.0,706958.0,CKP,0
2021-09-30,2395446.0,26109.0,1234916.0,1479582.0,2322080.0,-218557.0,26109.0,1120555.0,4678.0,1234916.0,1558096.0,1453473.0,0.15,1666685.0,0.15,8129383.0,0.0,-218557.0,1479582.0,0.15,109885.0,8129383.0,109885.0,1234916.0,1234916.0,1453473.0,598174.0,392060.0,1234916.0,0.15,0.15,0.15,-1030.0,728761.0,750821.0,1558096.0,1234916.0,CKP,0
2021-12-31,2237231.0,11172.0,122540.0,194128.0,2163127.0,-60417.0,11172.0,789499.0,4678.0,122540.0,1697725.0,182957.0,0.02,1779478.0,0.02,8129383.0,0.08,-60417.0,194128.0,0.02,142569.0,8129383.0,142569.0,122540.0,122540.0,182957.0,267618.0,391560.0,122540.0,0.02,0.02,0.02,-1002.0,457753.0,-263625.0,1697725.0,122540.0,CKP,0
2022-03-31,2416126.0,9044.0,38726.0,71498.0,2339371.0,-23728.0,9044.0,718231.0,4678.0,38726.0,1957255.0,62454.0,0.0,2074667.0,0.0,8129383.0,0.0,-23728.0,71498.0,0.0,114742.0,8129383.0,114742.0,38726.0,38726.0,62454.0,215032.0,372878.0,38726.0,0.0,0.0,0.0,-1224.0,341459.0,-269961.0,1957255.0,38726.0,CKP,0
2022-06-30,2530686.0,17621.0,864030.0,978496.0,2453462.0,-96845.0,17621.0,837978.0,4678.0,864030.0,1943314.0,960875.0,0.11,2058815.0,0.11,8129383.0,0.0,-96845.0,978496.0,0.11,128683.0,8129383.0,128683.0,864030.0,864030.0,960875.0,330738.0,376919.0,864030.0,0.11,0.11,0.11,-2370.0,471871.0,506625.0,1943314.0,864030.0,CKP,0
2022-09-30,3364036.0,23499.0,1461636.0,1743729.0,3286469.0,-258594.0,23499.0,1119476.0,4678.0,1461636.0,2514704.0,1720230.0,0.18,2607441.0,0.18,8129383.0,0.0,-258594.0,1743729.0,0.18,122076.0,8129383.0,122076.0,1461636.0,1461636.0,1720230.0,613032.0,381105.0,1461636.0,0.18,0.18,0.18,-11115.0,756595.0,987134.0,2514704.0,1461636.0,CKP,0
2022-12-31,2593548.0,-2750.0,71790.0,99604.0,2515603.0,-30564.0,-2750.0,710853.0,4678.0,71790.0,2152771.0,102354.0,0.01,2324258.0,0.01,8129383.0,0.09,-30564.0,99604.0,0.01,160284.0,8129383.0,160284.0,71790.0,71790.0,102354.0,166435.0,421571.0,71790.0,0.01,0.01,0.01,-8788.0,269290.0,-169686.0,2152771.0,71790.0,CKP,0
2023-03-31,2554634.0,15340.0,-104292.0,-64004.0,2459954.0,-24948.0,15340.0,730050.0,4678.0,-104292.0,2075419.0,-79344.0,-0.01,2193682.0,-0.01,8129383.0,0.0,-24948.0,-64004.0,-0.01,126392.0,8129383.0,126392.0,-104292.0,-104292.0,-79344.0,234891.0,372312.0,-104292.0,-0.01,-0.01,-0.01,-4915.0,360952.0,-424956.0,2075419.0,-104292.0,CKP,0
2023-06-30,2364543.0,11145.0,1801.0,21841.0,2270261.0,-8895.0,11145.0,731763.0,4678.0,1801.0,1939374.0,10696.0,0.0,1979105.0,0.0,8129383.0,0.0,-8895.0,21841.0,0.0,132831.0,8129383.0,132831.0,1801.0,1801.0,10696.0,232466.0,376450.0,1801.0,0.0,0.0,0.0,-62975.0,385438.0,-363597.0,1939374.0,1801.0,CKP,0
2023-09-30,2477883.0,31225.0,1021940.0,1214302.0,2383126.0,-161137.0,31225.0,1018076.0,4678.0,1021940.0,1745969.0,1183077.0,0.13,1811650.0,0.13,8129383.0,0.0,-161137.0,1214302.0,0.13,123697.0,8129383.0,123697.0,1021940.0,1021940.0,1183077.0,514715.0,380513.0,1021940.0,0.13,0.13,0.13,-29346.0,666233.0,548069.0,1745969.0,1021940.0,CKP,0
2023-12-31,2888684.0,31193.0,542664.0,845048.0,2793759.0,-271191.0,31193.0,1191319.0,4678.0,542664.0,1908603.0,813855.0,0.07,2077991.0,0.07,8129383.0,0.09,-271191.0,845048.0,0.07,180636.0,8129383.0,180636.0,542664.0,542664.0,813855.0,688369.0,380103.0,542664.0,0.07,0.07,0.07,-11772.0,810693.0,34355.0,1908603.0,542664.0,CKP,0
2024-03-31,2347632.0,14660.0,-460974.0,-361452.0,2251123.0,-84862.0,14660.0,819953.0,4678.0,-460974.0,1807971.0,-376112.0,-0.06,1876975.0,-0.06,8129383.0,0.0,-84862.0,-361452.0,-0.06,104065.0,8129383.0,104065.0,-460974.0,-460974.0,-376112.0,321568.0,375538.0,-460974.0,-0.06,-0.06,-0.06,-8819.0,470657.0,-832109.0,1807971.0,-460974.0,CKP,0
2024-06-30,2472425.0,27581.0,73920.0,329994.0,2376355.0,-228493.0,27581.0,1090331.0,4678.0,73920.0,1641079.0,302413.0,0.01,1735602.0,0.01,8129383.0,0.0,-228493.0,329994.0,0.01,123622.0,8129383.0,123622.0,73920.0,73920.0,302413.0,592400.0,375084.0,73920.0,0.01,0.01,0.01,-7523.0,736823.0,-406829.0,1641079.0,73920.0,CKP,0
2016-03-31,102367.0,-45.0,-7486.0,-7530.0,102367.0,0.0,-45.0,9733.0,-790.0,-7486.0,75554.0,-7486.0,-0.01,107903.0,-0.01,630000.0,0.0,0.0,-7530.0,-0.01,33140.0,630000.0,33140.0,-7486.0,-7486.0,-7486.0,-5536.0,4920.0,-7486.0,-0.01,-0.01,-0.01,-790.0,-5536.0,-1994.0,75554.0,-7486.0,CPT,0
2016-06-30,284539.0,3916.0,23934.0,27850.0,284539.0,0.0,3916.0,9733.0,-294.0,23934.0,212883.0,23934.0,0.04,255704.0,0.04,630000.0,0.0,0.0,27850.0,0.04,43115.0,630000.0,43115.0,23934.0,23934.0,23934.0,28835.0,4920.0,23934.0,0.04,0.04,0.04,-294.0,28835.0,-985.0,212883.0,23934.0,CPT,0
2016-09-30,399719.0,9501.0,35614.0,45115.0,399719.0,0.0,9501.0,51765.0,-361.0,35614.0,312896.0,35614.0,0.06,352583.0,0.06,630000.0,0.0,0.0,45115.0,0.06,40048.0,630000.0,40048.0,35614.0,35614.0,35614.0,47136.0,4630.0,35614.0,0.06,0.06,0.06,-361.0,47136.0,-2021.0,312896.0,35614.0,CPT,0
2016-12-31,440801.0,17755.0,69086.0,86841.0,440801.0,0.0,17755.0,88927.0,-8751.0,69086.0,323965.0,69086.0,0.11,356253.0,0.11,630000.0,0.0,0.0,86841.0,0.11,42449.0,630000.0,42449.0,69086.0,69086.0,69086.0,84549.0,4379.0,69086.0,0.11,0.11,0.11,-10162.0,84549.0,881.0,323965.0,69086.0,CPT,0
2017-03-31,254612.0,6058.0,24176.0,30234.0,254612.0,0.0,6058.0,9733.0,-1652.0,24176.0,190128.0,24176.0,0.04,222320.0,0.04,630000.0,0.0,0.0,30234.0,0.04,33844.0,630000.0,33844.0,24176.0,24176.0,24176.0,32292.0,4920.0,24176.0,0.04,0.04,0.04,-1652.0,32292.0,-2058.0,190128.0,24176.0,CPT,0
2017-06-30,153132.0,1651.0,5763.0,7414.0,153132.0,0.0,1651.0,9733.0,-854.0,5763.0,113878.0,5763.0,0.01,143941.0,0.01,630000.0,0.0,0.0,7414.0,0.01,30918.0,630000.0,30918.0,5763.0,5763.0,5763.0,9191.0,4920.0,5763.0,0.01,0.01,0.01,-854.0,9191.0,-1777.0,113878.0,5763.0,CPT,0
2017-09-30,355707.0,14091.0,55705.0,69796.0,355707.0,0.0,14091.0,75237.0,-276.0,55705.0,247544.0,55705.0,0.09,284460.0,0.09,630000.0,0.0,0.0,69796.0,0.09,37191.0,630000.0,37191.0,55705.0,55705.0,55705.0,71247.0,3902.0,55705.0,0.09,0.09,0.09,-276.0,71247.0,-1451.0,247544.0,55705.0,CPT,0
2017-12-31,472657.0,10364.0,55065.0,65429.0,472657.0,0.0,10364.0,70579.0,403.0,55065.0,363185.0,55065.0,0.08,406465.0,0.08,671425.0,0.14,0.0,65429.0,0.08,43280.0,671425.0,43280.0,55065.0,55065.0,55065.0,66192.0,4293.0,55065.0,0.08,0.08,0.08,-1416.0,66192.0,-1166.0,363185.0,55065.0,CPT,0
2018-03-31,182790.0,372.0,1039.0,1411.0,182790.0,0.0,372.0,4236.0,3488.0,1039.0,145319.0,1039.0,0.0,183185.0,0.0,900000.0,0.0,0.0,1411.0,0.0,37866.0,900000.0,37866.0,1039.0,1039.0,1039.0,-395.0,4537.0,1039.0,0.0,0.0,0.0,-1416.0,-395.0,-1682.0,145319.0,1039.0,CPT,0
2018-06-30,210432.0,3896.0,14270.0,18166.0,210432.0,0.0,3896.0,18211.0,1501.0,14270.0,157039.0,14270.0,0.02,196094.0,0.02,900000.0,0.0,0.0,18166.0,0.02,39055.0,900000.0,39055.0,14270.0,14270.0,14270.0,14338.0,3777.0,14270.0,0.02,0.02,0.02,-1416.0,14338.0,2327.0,157039.0,14270.0,CPT,0
2018-09-30,220897.0,531.0,1147.0,1555.0,220897.0,123.0,531.0,2684.0,3152.0,1147.0,182149.0,1024.0,0.0,221404.0,0.0,900000.0,0.0,123.0,1555.0,0.0,39255.0,900000.0,39255.0,1147.0,1147.0,1024.0,-507.0,3122.0,1147.0,0.0,0.0,0.0,-1416.0,-507.0,-1089.0,182149.0,1147.0,CPT,0
2018-12-31,337550.0,456.0,-1982.0,-1569.0,337550.0,43.0,456.0,-2074.0,3279.0,-1982.0,278830.0,-2025.0,0.0,342348.0,0.0,900000.0,0.01,43.0,-1569.0,0.0,63518.0,900000.0,63518.0,-1982.0,-1982.0,-2025.0,-4798.0,2654.0,-1982.0,0.0,0.0,0.0,-1416.0,-4798.0,-50.0,278830.0,-1982.0,CPT,0
2019-03-31,114976.0,1348.0,3934.0,5268.0,114976.0,14.0,1348.0,7716.0,1614.0,3934.0,76169.0,3920.0,0.0,110792.0,0.0,900000.0,0.0,14.0,5268.0,0.0,34623.0,900000.0,34623.0,3934.0,3934.0,3920.0,4183.0,3533.0,3934.0,0.0,0.0,0.0,-1416.0,4183.0,-529.0,76169.0,3934.0,CPT,0
2019-06-30,122981.0,-1630.0,-14792.0,-16438.0,122981.0,16.0,-1630.0,-13694.0,1519.0,-14792.0,105513.0,-14808.0,-0.02,140050.0,-0.02,900000.0,0.0,16.0,-16438.0,-0.02,34537.0,900000.0,34537.0,-14792.0,-14792.0,-14808.0,-17069.0,2927.0,-14792.0,-0.02,-0.02,-0.02,-1416.0,-17069.0,-888.0,105513.0,-14792.0,CPT,0
2019-09-30,176609.0,106.0,4925.0,5029.0,176609.0,2.0,106.0,8622.0,1644.0,4925.0,138225.0,4923.0,0.01,173032.0,0.01,900000.0,0.0,2.0,5029.0,0.01,34808.0,900000.0,34808.0,4925.0,4925.0,4923.0,3577.0,4585.0,4925.0,0.01,0.01,0.01,-1416.0,3577.0,-193.0,138225.0,4925.0,CPT,0
2019-12-31,156946.0,-1958.0,-3875.0,-5842.0,156946.0,9.0,-1958.0,-8977.0,8107.0,-3875.0,137967.0,-3884.0,0.0,170203.0,0.0,900000.0,0.0,9.0,-5842.0,0.0,32236.0,900000.0,32236.0,-3875.0,-3875.0,-3884.0,-13256.0,3822.0,-3875.0,0.0,0.0,0.0,-1416.0,-13256.0,-692.0,137967.0,-3875.0,CPT,0
2020-03-31,123078.0,-809.0,-13957.0,-14767.0,123078.0,0.0,-809.0,-11082.0,-1416.0,-13957.0,109737.0,-13958.0,-0.02,137365.0,-0.02,900000.0,0.0,0.0,-14767.0,-0.02,31747.0,900000.0,31747.0,-13957.0,-13957.0,-13958.0,-16990.0,5908.0,-13957.0,-0.02,-0.02,-0.02,-1416.0,-14287.0,-480.0,109737.0,-13957.0,CPT,0
2020-06-30,227733.0,608.0,2358.0,2966.0,227733.0,0.0,608.0,10844.0,-3657.0,2358.0,203020.0,2358.0,0.0,224423.0,0.0,900000.0,0.0,0.0,2966.0,0.0,23586.0,900000.0,23586.0,2358.0,2358.0,2358.0,4784.0,6060.0,2358.0,0.0,0.0,0.0,-3657.0,3310.0,-344.0,203020.0,2358.0,CPT,0
2020-09-30,308307.0,603.0,12021.0,12623.0,308307.0,0.0,603.0,17772.0,843.0,12021.0,269791.0,12021.0,0.01,296610.0,0.01,924363.0,0.0,0.0,12623.0,0.01,26819.0,900000.0,26819.0,12021.0,12021.0,12021.0,11697.0,5562.0,12021.0,0.01,0.01,0.01,-1416.0,11697.0,84.0,269791.0,12021.0,CPT,0
2020-12-31,283955.0,1534.0,5104.0,6638.0,283955.0,0.0,1534.0,12444.0,511.0,5104.0,250501.0,5104.0,0.01,277366.0,0.01,923940.0,0.02,0.0,6638.0,0.01,26866.0,900000.0,26866.0,5104.0,5104.0,5104.0,6589.0,5341.0,5104.0,0.01,0.01,0.01,-1416.0,6589.0,-462.0,250501.0,5104.0,CPT,0
2021-03-31,170827.0,-402.0,-16644.0,-17046.0,170827.0,0.0,-402.0,-10829.0,-1541.0,-16644.0,167619.0,-16645.0,-0.02,187672.0,-0.02,900000.0,0.0,0.0,-17046.0,-0.02,21762.0,900000.0,21762.0,-16644.0,-16644.0,-16645.0,-17012.0,5666.0,-16644.0,-0.02,-0.02,-0.02,-1541.0,-16844.0,-202.0,167619.0,-16644.0,CPT,0
2021-06-30,184526.0,-6086.0,-7118.0,-13205.0,184526.0,0.0,-6086.0,-7167.0,-4196.0,-7118.0,181631.0,-7118.0,-0.01,197573.0,-0.01,900000.0,0.0,0.0,-13205.0,-0.01,20496.0,900000.0,20496.0,-7118.0,-7118.0,-7118.0,-13404.0,5702.0,-7118.0,-0.01,-0.01,-0.01,-4196.0,-13046.0,-158.0,181631.0,-7118.0,CPT,0
2021-09-30,165259.0,-8703.0,-35042.0,-43745.0,165259.0,0.0,-8703.0,-37617.0,-603.0,-35042.0,187626.0,-35042.0,-0.04,208852.0,-0.04,900000.0,0.0,0.0,-43745.0,-0.04,22368.0,900000.0,22368.0,-35042.0,-35042.0,-35042.0,-44132.0,5955.0,-35042.0,-0.04,-0.04,-0.04,-603.0,-43592.0,-153.0,187626.0,-35042.0,CPT,0
2021-12-31,258125.0,-6879.0,-27301.0,-34181.0,258125.0,0.0,-6879.0,-27829.0,-2213.0,-27301.0,272088.0,-27302.0,-0.03,292159.0,-0.03,900000.0,0.0,0.0,-34181.0,-0.03,22169.0,900000.0,22169.0,-27301.0,-27301.0,-27302.0,-33918.0,5526.0,-27301.0,-0.03,-0.03,-0.03,-2213.0,-34034.0,-147.0,272088.0,-27301.0,CPT,0
2022-03-31,338901.0,1522.0,6025.0,7546.0,338901.0,0.0,1522.0,14214.0,-934.0,6025.0,306327.0,6024.0,0.01,331214.0,0.01,941006.0,0.0,0.0,7546.0,0.01,25921.0,900000.0,25921.0,6025.0,6025.0,6024.0,7588.0,6070.0,6025.0,0.01,0.01,0.01,-934.0,7687.0,-141.0,306327.0,6025.0,CPT,0
2022-06-30,327433.0,-427.0,-984.0,-1412.0,327433.0,1.0,-427.0,5071.0,-2698.0,-984.0,301678.0,-985.0,0.0,328709.0,0.0,900000.0,0.0,1.0,-1412.0,0.0,30147.0,900000.0,30147.0,-984.0,-984.0,-985.0,-1695.0,6202.0,-984.0,0.0,0.0,0.0,-2698.0,-1276.0,-136.0,301678.0,-984.0,CPT,0
2022-09-30,436251.0,-4670.0,-21502.0,-26172.0,436251.0,0.0,-4670.0,-19996.0,-1127.0,-21502.0,432367.0,-21502.0,-0.02,462292.0,-0.02,900000.0,0.0,0.0,-26172.0,-0.02,31896.0,900000.0,31896.0,-21502.0,-21502.0,-21502.0,-26885.0,6339.0,-21502.0,-0.02,-0.02,-0.02,-1127.0,-26041.0,-131.0,432367.0,-21502.0,CPT,0
2022-12-31,239539.0,-1937.0,-28823.0,-30760.0,239539.0,0.0,-1769.0,-17491.0,-1082.0,-28823.0,226245.0,-28823.0,-0.03,270173.0,-0.03,900000.0,0.0,0.0,-30279.0,-0.03,38368.0,900000.0,38368.0,-28823.0,-28823.0,-28511.0,-23992.0,6501.0,-28511.0,-0.03,-0.03,-0.03,-1082.0,-30634.0,-126.0,226245.0,-28823.0,CPT,0
2023-03-31,298450.0,1490.0,5963.0,7452.0,298450.0,0.0,1490.0,13240.0,-3196.0,5963.0,270057.0,5963.0,0.01,290914.0,0.01,900000.0,0.0,0.0,7452.0,0.01,24710.0,900000.0,24710.0,5963.0,5963.0,5963.0,6879.0,5688.0,5963.0,0.01,0.01,0.01,-3196.0,7536.0,-84.0,270057.0,5963.0,CPT,0
2023-06-30,345204.0,9046.0,35666.0,44712.0,345204.0,0.0,5309.0,27119.0,-1246.0,35666.0,295208.0,35666.0,0.02,300411.0,0.04,900000.0,0.0,0.0,26238.0,0.04,30071.0,900000.0,30071.0,35666.0,35666.0,20930.0,21171.0,5261.0,20930.0,0.04,0.04,0.02,-1246.0,44792.0,-81.0,295208.0,35666.0,CPT,0
2023-09-30,275390.0,3204.0,12234.0,15438.0,275390.0,0.0,3392.0,20687.0,-584.0,12234.0,233322.0,12234.0,0.01,259887.0,0.01,900000.0,0.0,0.0,16342.0,0.01,27308.0,900000.0,27308.0,12234.0,12234.0,12950.0,15343.0,4656.0,12950.0,0.01,0.01,0.01,-584.0,15502.0,-64.0,233322.0,12234.0,CPT,0
2023-12-31,246171.0,6230.0,23290.0,29521.0,246171.0,0.0,6216.0,33882.0,-6619.0,23290.0,204029.0,23290.0,0.03,216556.0,0.03,900000.0,0.03,0.0,29451.0,0.03,20598.0,900000.0,20598.0,23290.0,23290.0,23235.0,28164.0,5020.0,23235.0,0.03,0.03,0.03,-6619.0,29615.0,-94.0,204029.0,23290.0,CPT,0
2024-03-31,227731.0,3920.0,15405.0,19324.0,227731.0,0.0,3920.0,22565.0,-2062.0,15405.0,187751.0,15405.0,0.02,208338.0,0.02,900000.0,0.0,0.0,19324.0,0.02,24851.0,900000.0,24851.0,15405.0,15405.0,15405.0,17191.0,4820.0,15405.0,0.02,0.02,0.02,-2062.0,19393.0,-69.0,187751.0,15405.0,CPT,0
2024-06-30,228516.0,3553.0,14199.0,17752.0,228516.0,0.0,3553.0,21961.0,-1764.0,14199.0,187506.0,14199.0,0.02,210709.0,0.02,900000.0,0.0,0.0,17752.0,0.02,25664.0,900000.0,25664.0,14199.0,14199.0,14199.0,17111.0,4455.0,14199.0,0.02,0.02,0.02,-1764.0,17807.0,-55.0,187506.0,14199.0,CPT,0
2019-09-30,91326.0,473.0,18015.0,17945.0,91326.0,543.0,473.0,85013.0,-611.0,18015.0,45862.0,17472.0,0.01,63214.0,0.01,1640000.0,0.0,543.0,17945.0,0.01,17963.0,1640000.0,14125.0,18015.0,18015.0,17472.0,28112.0,28593.0,18015.0,0.01,0.01,0.01,-611.0,28112.0,-10167.0,45862.0,18015.0,ETC,0
2019-12-31,109895.0,1963.0,3083.0,5180.0,109895.0,-134.0,1963.0,95368.0,-474.0,3083.0,56696.0,3217.0,0.0,87961.0,0.0,1640000.0,0.0,-134.0,5180.0,0.0,31739.0,1640000.0,24612.0,3083.0,3083.0,3217.0,21934.0,73433.0,3083.0,0.0,0.0,0.0,-474.0,21934.0,-16755.0,56696.0,3083.0,ETC,0
2020-03-31,134901.0,-49.0,22912.0,24128.0,134901.0,-1265.0,-49.0,85013.0,-10.0,22912.0,65843.0,24177.0,0.01,96075.0,0.01,1640000.0,0.0,-1265.0,24128.0,0.01,30242.0,1640000.0,24966.0,22912.0,22912.0,24177.0,38826.0,28593.0,22912.0,0.01,0.01,0.01,-10.0,38826.0,-14698.0,65843.0,22912.0,ETC,0
2020-06-30,175943.0,763.0,59509.0,61741.0,175943.0,-1469.0,763.0,85013.0,-76.0,59509.0,77171.0,60978.0,0.03,90190.0,0.03,2087231.0,0.0,-1469.0,61741.0,0.03,13095.0,2087231.0,7742.0,59509.0,59509.0,60978.0,85753.0,28593.0,59509.0,0.03,0.03,0.03,-76.0,85753.0,-24012.0,77171.0,59509.0,ETC,0
2020-09-30,172563.0,9.0,48045.0,49837.0,172563.0,-1783.0,9.0,96502.0,-28.0,48045.0,85662.0,49828.0,0.02,103577.0,0.02,1959565.0,0.0,-1783.0,49837.0,0.02,17943.0,1959565.0,12683.0,48045.0,48045.0,49828.0,68986.0,27516.0,48045.0,0.02,0.02,0.02,-28.0,68986.0,-19149.0,85662.0,48045.0,ETC,0
2020-12-31,187160.0,-26.0,64012.0,66220.0,187160.0,-2234.0,-26.0,115897.0,-2423.0,64012.0,84312.0,66246.0,0.03,98787.0,0.03,2242693.0,0.0,-2234.0,66220.0,0.03,16899.0,2242693.0,11582.0,64012.0,64012.0,66246.0,88372.0,27525.0,64012.0,0.03,0.03,0.03,-2423.0,88372.0,-22153.0,84312.0,64012.0,ETC,0
2021-03-31,172637.0,0.0,44544.0,45787.0,172637.0,-1243.0,0.0,91576.0,-586.0,44544.0,88174.0,45787.0,0.02,108216.0,0.02,2240000.0,0.0,-1243.0,45787.0,0.02,20628.0,2240000.0,15129.0,44544.0,44544.0,45787.0,64421.0,27155.0,44544.0,0.02,0.02,0.02,-586.0,64421.0,-18634.0,88174.0,44544.0,ETC,0
2021-06-30,190079.0,0.0,64480.0,66847.0,190079.0,-2367.0,0.0,111693.0,-1057.0,64480.0,92201.0,66847.0,0.03,105917.0,0.03,2240000.0,0.0,-2367.0,66847.0,0.03,14773.0,2240000.0,9191.0,64480.0,64480.0,66847.0,84162.0,27531.0,64480.0,0.03,0.03,0.03,-1057.0,84162.0,-17315.0,92201.0,64480.0,ETC,0
2021-09-30,175090.0,-1100.0,51960.0,51883.0,175090.0,-1023.0,-1100.0,96208.0,-12671.0,51960.0,100300.0,52983.0,0.02,106949.0,0.02,2240000.0,0.0,-1023.0,51883.0,0.02,19320.0,2240000.0,13881.0,51960.0,51960.0,52983.0,68141.0,28067.0,51960.0,0.02,0.02,0.02,-12671.0,68141.0,-16258.0,100300.0,51960.0,ETC,0
2021-12-31,192405.0,-1817.0,26379.0,25599.0,192405.0,-1038.0,-1817.0,70214.0,-4632.0,26379.0,110203.0,27416.0,0.01,150418.0,0.01,2240000.0,0.0,-1038.0,25599.0,0.01,44848.0,2240000.0,39079.0,26379.0,26379.0,27416.0,41987.0,28227.0,26379.0,0.01,0.01,0.01,-4632.0,41987.0,-16388.0,110203.0,26379.0,ETC,0
2022-03-31,176046.0,182.0,46816.0,48398.0,176046.0,-1400.0,182.0,92088.0,-4149.0,46816.0,106706.0,48216.0,0.02,112862.0,0.02,2240000.0,0.0,-1400.0,48398.0,0.02,10305.0,2240000.0,4286.0,46816.0,46816.0,48216.0,63184.0,28904.0,46816.0,0.02,0.02,0.02,-4149.0,63184.0,-14786.0,106706.0,46816.0,ETC,0
2022-06-30,194013.0,2233.0,65530.0,69564.0,194013.0,-1801.0,2233.0,113685.0,-34048.0,65530.0,112879.0,67331.0,0.03,110373.0,0.03,2240000.0,0.0,-1801.0,69564.0,0.03,31542.0,2240000.0,25537.0,65530.0,65530.0,67331.0,83640.0,30045.0,65530.0,0.03,0.03,0.03,-34048.0,83640.0,-14076.0,112879.0,65530.0,ETC,0
2022-09-30,184377.0,1541.0,40781.0,43537.0,184377.0,-1215.0,1541.0,85013.0,-6670.0,40781.0,114458.0,41996.0,0.02,127758.0,0.02,2240000.0,0.0,-1215.0,43537.0,0.02,19970.0,2240000.0,13835.0,40781.0,40781.0,41996.0,56619.0,28394.0,40781.0,0.02,0.02,0.02,-6670.0,56619.0,-13082.0,114458.0,40781.0,ETC,0
2022-12-31,183832.0,-1813.0,-22058.0,-23146.0,183832.0,-726.0,-1813.0,26835.0,508.0,-22058.0,133481.0,-21332.0,-0.01,186143.0,-0.01,2240000.0,0.0,-726.0,-23146.0,-0.01,52154.0,2240000.0,46829.0,-22058.0,-22058.0,-21332.0,-2311.0,29146.0,-22058.0,-0.01,-0.01,-0.01,508.0,-2311.0,-20835.0,133481.0,-22058.0,ETC,0
2023-03-31,175635.0,198.0,976.0,1706.0,175635.0,-532.0,198.0,53634.0,-6344.0,976.0,129144.0,1508.0,0.0,150327.0,0.0,2240000.0,0.0,-532.0,1706.0,0.0,27527.0,2240000.0,20721.0,976.0,976.0,1508.0,25308.0,28326.0,976.0,0.0,0.0,0.0,-6344.0,25308.0,-23602.0,129144.0,976.0,ETC,0
2023-06-30,160501.0,1880.0,6900.0,9610.0,160501.0,-830.0,1880.0,66683.0,-26812.0,6900.0,118977.0,7730.0,0.0,122619.0,0.0,2240000.0,0.0,-830.0,9610.0,0.0,30454.0,2240000.0,22953.0,6900.0,6900.0,7730.0,37882.0,28801.0,6900.0,0.0,0.0,0.0,-26812.0,37882.0,-28272.0,118977.0,6900.0,ETC,0
2023-09-30,178697.0,-1501.0,10257.0,9444.0,178697.0,-688.0,-1501.0,69998.0,-6851.0,10257.0,118808.0,10945.0,0.0,137956.0,0.0,2240000.0,0.0,-688.0,9444.0,0.0,25999.0,2240000.0,18396.0,10257.0,10257.0,10945.0,40741.0,29257.0,10257.0,0.0,0.0,0.0,-6851.0,40741.0,-31297.0,118808.0,10257.0,ETC,0
2023-12-31,193551.0,292.0,12861.0,14546.0,193551.0,-1393.0,292.0,77835.0,-3179.0,12861.0,119056.0,14254.0,0.01,145015.0,0.01,2240000.0,0.0,-1393.0,14546.0,0.01,29137.0,2240000.0,21464.0,12861.0,12861.0,14254.0,48537.0,29298.0,12861.0,0.01,0.01,0.01,-3179.0,48537.0,-33991.0,119056.0,12861.0,ETC,0
2024-03-31,182519.0,689.0,-6093.0,-4703.0,182519.0,-701.0,689.0,55719.0,-5772.0,-6093.0,127803.0,-5392.0,0.0,155726.0,0.0,2240000.0,0.0,-701.0,-4703.0,0.0,33695.0,2240000.0,23193.0,-6093.0,-6093.0,-5392.0,26793.0,28926.0,-6093.0,0.0,0.0,0.0,-5772.0,26793.0,-31496.0,127803.0,-6093.0,ETC,0
2024-06-30,191808.0,-201.0,58628.0,59969.0,191808.0,-1542.0,-11816.0,83969.0,-5617.0,58628.0,119253.0,60170.0,0.02,103246.0,0.03,2240000.0,0.0,-1542.0,26783.0,0.03,22796.0,2240000.0,16350.0,58628.0,58628.0,38599.0,55376.0,28593.0,37057.0,0.03,0.03,0.02,-5617.0,88562.0,-28593.0,119253.0,58628.0,ETC,0
2007-03-31,62415.0,0.0,-3083.0,-3083.0,62415.0,1.0,0.0,1728457.0,-84.0,-3083.0,61675.0,-3083.0,0.0,65498.0,0.0,2500000.0,0.0,1.0,-3083.0,0.0,3907.0,2500000.0,3907.0,-3083.0,-3083.0,-3083.0,-3083.0,437505.0,-3083.0,0.0,0.0,0.0,-84.0,-3083.0,0.0,61675.0,-3083.0,EA,1
2007-06-30,51887.0,1621.5,-5257.0,-5257.0,51887.0,1.0,1621.5,1728457.0,-119.0,-5257.0,55040.0,-5257.0,0.0,57144.0,0.0,2500000.0,0.0,1.0,-5257.0,0.0,2223.0,2500000.0,2223.0,-5257.0,-5257.0,-5257.0,-5257.0,437505.0,-5257.0,0.0,0.0,0.0,-119.0,-5257.0,0.0,55040.0,-5257.0,EA,1
2008-03-31,710944.0,7188.0,17467.0,24654.0,710944.0,1.0,7188.0,29691.0,-144.0,17467.0,678824.0,17466.0,0.01,685507.0,0.01,2500000.0,0.0,1.0,24654.0,0.01,6827.0,2500000.0,5537.0,17467.0,17467.0,17466.0,25437.0,4254.0,17467.0,0.01,0.01,0.01,-144.0,25437.0,-783.0,678824.0,17467.0,EA,1
2008-06-30,606655.0,0.0,116.0,116.0,606655.0,0.0,0.0,4816.0,-244.0,116.0,600092.0,116.0,0.0,606422.0,0.0,2500000.0,0.0,0.0,116.0,0.0,6574.0,2500000.0,5694.0,116.0,116.0,116.0,233.0,4583.0,116.0,0.0,0.0,0.0,-244.0,233.0,-117.0,600092.0,116.0,EA,1
2009-03-31,698934.0,12310.0,57568.0,69877.0,698934.0,1.0,12310.0,76584.0,-177.0,57568.0,620200.0,57567.0,0.02,628222.0,0.02,2500000.0,0.0,1.0,69877.0,0.02,8199.0,2500000.0,6005.0,57568.0,57568.0,57567.0,70712.0,5872.0,57568.0,0.02,0.02,0.02,-177.0,70712.0,-835.0,620200.0,57568.0,EA,1
2011-03-31,1286320.0,1664.0,67604.0,69267.0,1286320.0,1.0,1664.0,1728457.0,-225.0,67604.0,1183593.0,67603.0,0.02,1212511.0,0.02,2793800.0,0.0,1.0,69267.0,0.02,29143.0,2793800.0,29143.0,67604.0,67604.0,67603.0,73809.0,437505.0,67604.0,0.02,0.02,0.02,-225.0,73809.0,-4542.0,1183593.0,67604.0,EA,1
2011-06-30,1305506.0,1850.0,2616.0,4326.0,1305506.0,140.0,1850.0,1728457.0,-1313.0,2616.0,1259431.0,2476.0,0.0,1298195.0,0.0,2793800.0,0.0,140.0,4326.0,0.0,40077.0,2793800.0,40077.0,2616.0,2616.0,2476.0,7311.0,437505.0,2616.0,0.0,0.0,0.0,-1313.0,7311.0,-2985.0,1259431.0,2616.0,EA,1
2011-09-30,1521139.0,-381.0,-18062.0,-19215.0,1521139.0,772.0,-381.0,1728457.0,-1251.0,-18062.0,1490896.0,-18834.0,-0.01,1535412.0,-0.01,2880138.0,0.0,772.0,-19215.0,-0.01,45766.0,2880138.0,45766.0,-18062.0,-18062.0,-18834.0,-14272.0,437505.0,-18062.0,-0.01,-0.01,-0.01,-1251.0,-14272.0,-4943.0,1490896.0,-18062.0,EA,1
2011-12-31,1232419.0,-3133.0,10858.0,6746.0,1232419.0,979.0,-3133.0,1728457.0,-83147.0,10858.0,1258589.0,9879.0,0.0,1220558.0,0.0,3224073.0,0.0,979.0,6746.0,0.0,45117.0,3224073.0,45117.0,10858.0,10858.0,9879.0,11860.0,437505.0,10858.0,0.0,0.0,0.0,-83147.0,11860.0,-5114.0,1258589.0,10858.0,EA,1
2012-03-31,1719343.0,0.0,36117.0,35654.0,1719343.0,463.0,0.0,1728457.0,-3492.0,36117.0,1641085.0,35654.0,0.01,1679399.0,0.01,3084286.0,0.0,463.0,35654.0,0.01,41806.0,3084286.0,41806.0,36117.0,36117.0,35654.0,39943.0,437505.0,36117.0,0.01,0.01,0.01,-3492.0,39943.0,-4289.0,1641085.0,36117.0,EA,1
2012-06-30,1091173.0,0.0,28219.0,27971.0,1091173.0,248.0,0.0,1728457.0,-6577.0,28219.0,1031470.0,27971.0,0.01,1057684.0,0.01,3084286.0,0.0,248.0,27971.0,0.01,32791.0,3084286.0,32791.0,28219.0,28219.0,27971.0,33489.0,437505.0,28219.0,0.01,0.01,0.01,-6577.0,33489.0,-5518.0,1031470.0,28219.0,EA,1
2012-09-30,842749.0,0.0,5431.0,5990.0,842749.0,-559.0,0.0,1728457.0,-3652.0,5431.0,796332.0,5990.0,0.0,825236.0,0.0,3113066.0,0.0,-559.0,5990.0,0.0,32556.0,3113066.0,32556.0,5431.0,5431.0,5990.0,17512.0,437505.0,5431.0,0.0,0.0,0.0,-3652.0,17512.0,-11522.0,796332.0,5431.0,EA,1
2012-12-31,786725.0,52.0,37279.0,37535.0,786725.0,-204.0,52.0,1728457.0,-25276.0,37279.0,736655.0,37483.0,0.01,741085.0,0.01,3227871.0,0.01,-204.0,37535.0,0.01,29706.0,3227871.0,29706.0,37279.0,37279.0,37483.0,45640.0,437505.0,37279.0,0.01,0.01,0.01,-25276.0,45640.0,-8105.0,736655.0,37279.0,EA,1
2013-03-31,985449.0,7120.0,83253.0,90849.0,985449.0,-476.0,7120.0,92533.0,37115.0,83253.0,880223.0,83729.0,0.02,918598.0,0.02,3580667.0,0.0,-476.0,90849.0,0.02,38375.0,3580667.0,38375.0,83253.0,83253.0,83729.0,66851.0,25110.0,83253.0,0.02,0.02,0.02,-244.0,66851.0,-13117.0,880223.0,83253.0,EA,1
2013-06-30,829704.0,5735.0,60501.0,66444.0,829704.0,-208.0,5735.0,98653.0,12234.0,60501.0,723264.0,60709.0,0.02,762461.0,0.02,3655746.0,0.0,-208.0,66444.0,0.02,39198.0,3655746.0,39198.0,60501.0,60501.0,60709.0,67243.0,30840.0,60501.0,0.02,0.02,0.02,-244.0,67243.0,-13032.0,723264.0,60501.0,EA,1
2013-09-30,893433.0,-1532.0,27891.0,26449.0,893433.0,-90.0,-1532.0,70389.0,3075.0,27891.0,796968.0,27980.0,0.01,854862.0,0.01,3486333.0,0.0,-90.0,26449.0,0.01,57893.0,3486333.0,57893.0,27891.0,27891.0,27980.0,38571.0,31244.0,27891.0,0.01,0.01,0.01,-244.0,38571.0,-15198.0,796968.0,27891.0,EA,1
2013-12-31,1227841.0,3440.0,95107.0,98743.0,1227841.0,-197.0,3440.0,147440.0,10140.0,95107.0,1057178.0,95303.0,0.02,1119071.0,0.02,3816628.0,0.02,-197.0,98743.0,0.02,61893.0,3816628.0,61893.0,95107.0,95107.0,95303.0,108770.0,37903.0,95107.0,0.02,0.02,0.02,-244.0,108770.0,-20167.0,1057178.0,95107.0,EA,1
2014-03-31,2088385.0,4063.0,459958.0,464262.0,2088385.0,-241.0,4063.0,630858.0,1720.0,459958.0,1509458.0,460199.0,0.12,1557708.0,0.12,3730000.0,0.0,-241.0,464262.0,0.12,48250.0,3730000.0,48250.0,459958.0,459958.0,460199.0,530677.0,97644.0,459958.0,0.12,0.12,0.12,-244.0,530677.0,-68135.0,1509458.0,459958.0,EA,1
2014-06-30,1792463.0,-1984.0,408431.0,406821.0,1792463.0,-374.0,-1984.0,585632.0,7415.0,408431.0,1227195.0,408805.0,0.11,1308887.0,0.11,3730000.0,0.0,-374.0,406821.0,0.11,81692.0,3730000.0,81692.0,408431.0,408431.0,408805.0,483576.0,99486.0,408431.0,0.11,0.11,0.11,-244.0,483576.0,-84170.0,1227195.0,408431.0,EA,1
2014-09-30,1851150.0,12439.0,372787.0,385443.0,1851150.0,-217.0,12439.0,563260.0,12113.0,372787.0,1316171.0,373004.0,0.1,1392837.0,0.1,3730000.0,0.0,-217.0,385443.0,0.1,76666.0,3730000.0,76666.0,372787.0,372787.0,373004.0,458313.0,102347.0,372787.0,0.1,0.1,0.1,-244.0,458313.0,-84983.0,1316171.0,372787.0,EA,1
2014-12-31,1850932.0,5972.0,367281.0,373438.0,1850932.0,-185.0,5972.0,570633.0,2904.0,367281.0,1293354.0,367466.0,0.1,1387036.0,0.1,3730000.0,0.02,-185.0,373438.0,0.1,90778.0,3730000.0,90778.0,367281.0,367281.0,367466.0,463895.0,104134.0,367281.0,0.1,0.1,0.1,2904.0,463895.0,-90457.0,1293354.0,367281.0,EA,1
2015-03-31,2003869.0,1145.0,579904.0,581306.0,2003869.0,-257.0,1145.0,839320.0,9161.0,579904.0,1236319.0,580161.0,0.16,1310267.0,0.16,3730000.0,0.0,-257.0,581306.0,0.16,73948.0,3730000.0,73948.0,579904.0,579904.0,580161.0,693602.0,142264.0,579904.0,0.16,0.16,0.16,-244.0,693602.0,-121457.0,1236319.0,579904.0,EA,1
2015-06-30,2503451.0,661.0,741204.0,742113.0,2503451.0,-248.0,661.0,1102554.0,6931.0,741204.0,1428760.0,741452.0,0.2,1593455.0,0.2,3730000.0,0.0,-248.0,742113.0,0.2,164695.0,3730000.0,164695.0,741204.0,741204.0,741452.0,909996.0,188104.0,741204.0,0.2,0.2,0.2,-244.0,909996.0,-174814.0,1428760.0,741204.0,EA,1
2015-09-30,2275591.0,26464.0,715303.0,741983.0,2275591.0,-216.0,26464.0,1081582.0,42184.0,715303.0,1317114.0,715519.0,0.19,1391997.0,0.19,3730000.0,0.0,-216.0,741983.0,0.19,74883.0,3730000.0,74883.0,715303.0,715303.0,715519.0,883594.0,193480.0,715303.0,0.19,0.19,0.19,-244.0,883594.0,-183795.0,1317114.0,715303.0,EA,1
2015-12-31,2414440.0,51.0,650511.0,650835.0,2414440.0,-273.0,51.0,1016105.0,43453.0,650511.0,1478966.0,650784.0,0.17,1597560.0,0.17,3730000.0,0.1,-273.0,650835.0,0.17,75141.0,3730000.0,75141.0,650511.0,650511.0,650784.0,816880.0,194493.0,650511.0,0.17,0.17,0.17,43453.0,816880.0,-166045.0,1478966.0,650511.0,EA,1
2016-03-31,2436214.0,7759.0,710889.0,718884.0,2436214.0,-236.0,7759.0,1059553.0,5761.0,710889.0,1452078.0,711125.0,0.19,1555037.0,0.19,3730000.0,0.0,-236.0,718884.0,0.19,102959.0,3730000.0,102959.0,710889.0,710889.0,711125.0,881177.0,178376.0,710889.0,0.19,0.19,0.19,-244.0,881177.0,-168054.0,1452078.0,710889.0,EA,1
2016-06-30,3132572.0,6257.0,992367.0,998827.0,3132572.0,-203.0,6257.0,1566132.0,4484.0,992367.0,1715593.0,992570.0,0.27,1841566.0,0.27,3730000.0,0.0,-203.0,998827.0,0.27,125973.0,3730000.0,125973.0,992367.0,992367.0,992570.0,1291006.0,275126.0,992367.0,0.27,0.27,0.27,-244.0,1291006.0,-296663.0,1715593.0,992367.0,EA,1
2016-09-30,2545470.0,1579.0,718012.0,719695.0,2545470.0,-104.0,1579.0,1414546.0,4679.0,718012.0,1378113.0,718116.0,0.19,1482119.0,0.19,3730000.0,0.0,-104.0,719695.0,0.19,104006.0,3730000.0,104006.0,718012.0,718012.0,718116.0,1063351.0,343652.0,718012.0,0.19,0.19,0.19,-244.0,1063351.0,-348335.0,1378113.0,718012.0,EA,1
2016-12-31,2278139.0,-21097.0,830238.0,809579.0,2278139.0,-438.0,-21097.0,1383529.0,9668.0,830238.0,1091509.0,830676.0,0.22,1205500.0,0.22,3730000.0,0.15,-438.0,809579.0,0.22,113992.0,3730000.0,113992.0,830238.0,830238.0,830676.0,1072638.0,304303.0,830238.0,0.22,0.22,0.22,-244.0,1072638.0,-272728.0,1091509.0,830238.0,EA,1
2017-03-31,2645605.0,-893.0,979467.0,979086.0,2645605.0,-512.0,-893.0,1474890.0,48160.0,979467.0,1344893.0,979979.0,0.26,1487488.0,0.26,3730000.0,0.0,-512.0,979086.0,0.26,142595.0,3730000.0,142595.0,979467.0,979467.0,979979.0,1158117.0,316773.0,979467.0,0.26,0.26,0.26,-244.0,1158117.0,-227191.0,1344893.0,979467.0,EA,1
2017-06-30,2932688.0,-1084.0,966294.0,965393.0,2932688.0,-183.0,-1084.0,1582689.0,11675.0,966294.0,1562592.0,966477.0,0.26,1707520.0,0.26,3730000.0,0.0,-183.0,965393.0,0.26,144928.0,3730000.0,144928.0,966294.0,966294.0,966477.0,1225168.0,357521.0,966294.0,0.26,0.26,0.26,-244.0,1225168.0,-271450.0,1562592.0,966294.0,EA,1
2017-09-30,3097272.0,-1184.0,976119.0,975122.0,3097272.0,-187.0,-1184.0,1743655.0,1100.0,976119.0,1622218.0,976306.0,0.26,1791122.0,0.26,3730000.0,0.0,-187.0,975122.0,0.26,168904.0,3730000.0,168904.0,976119.0,976119.0,976306.0,1306150.0,437505.0,976119.0,0.26,0.26,0.26,-244.0,1306150.0,-332128.0,1622218.0,976119.0,EA,1
2017-12-31,2903953.0,-39139.0,895570.0,855565.0,2903953.0,866.0,-39139.0,1574967.0,51300.0,895570.0,1534115.0,894704.0,0.24,1744720.0,0.24,3730000.0,0.2,866.0,855565.0,0.24,210605.0,3730000.0,210605.0,895570.0,895570.0,894704.0,1159233.0,404637.0,895570.0,0.24,0.24,0.24,-244.0,1159233.0,-354968.0,1534115.0,895570.0,EA,1
2018-03-31,2929162.0,-8648.0,1946752.0,1913512.0,2929162.0,24592.0,-321648.0,1728457.0,4944.0,1946752.0,1454993.0,1922160.0,0.37,747605.0,0.52,3730000.0,0.0,24592.0,1019225.0,0.52,187189.0,3730000.0,187189.0,1946752.0,1946752.0,1340873.0,1287270.0,418265.0,1365465.0,0.52,0.52,0.37,-244.0,2181557.0,-272989.0,1454993.0,1946752.0,EA,1
2018-06-30,2906277.0,-9107.0,984927.0,963751.0,2906277.0,12069.0,-33859.0,1633890.0,19310.0,984927.0,1379342.0,972858.0,0.25,1661607.0,0.26,3730000.0,0.0,12069.0,893030.0,0.26,282265.0,3730000.0,282265.0,984927.0,984927.0,926889.0,1173949.0,434696.0,938958.0,0.26,0.26,0.25,-244.0,1244670.0,-300229.0,1379342.0,984927.0,EA,1
2018-09-30,2960434.0,10730.0,1274577.0,1270655.0,2960434.0,14652.0,10730.0,1871967.0,2498.0,1274577.0,1366125.0,1259925.0,0.34,1552873.0,0.34,3730000.0,0.0,14652.0,1270655.0,0.34,186748.0,3730000.0,186748.0,1274577.0,1274577.0,1259925.0,1407561.0,439073.0,1274577.0,0.34,0.34,0.34,-244.0,1407561.0,-139404.0,1366125.0,1274577.0,EA,1
2018-12-31,2756076.0,36377.0,768955.0,942811.0,2756076.0,-137478.0,37877.0,1644192.0,16941.0,768955.0,1467830.0,906433.0,0.22,1616167.0,0.21,3730000.0,0.25,-137478.0,981685.0,0.21,148338.0,3730000.0,148338.0,768955.0,768955.0,943808.0,1178783.0,440054.0,806329.0,0.21,0.21,0.22,-244.0,1139909.0,-214039.0,1467830.0,768955.0,EA,1
2019-03-31,3086196.0,-8331.0,1210719.0,1190101.0,3086196.0,12287.0,-7783.0,1906151.0,2252.0,1210719.0,1484196.0,1198432.0,0.32,1700794.0,0.32,3730000.0,0.0,12287.0,1191666.0,0.32,216598.0,3730000.0,216598.0,1210719.0,1210719.0,1199449.0,1386967.0,491935.0,1211736.0,0.32,0.32,0.32,-244.0,1385402.0,-197553.0,1484196.0,1210719.0,EA,1
2019-06-30,3614138.0,3318.0,1442437.0,1433192.0,3614138.0,12563.0,3320.0,2257884.0,25998.0,1442437.0,1661451.0,1429874.0,0.39,1970132.0,0.39,3730000.0,0.0,12563.0,1434014.0,0.39,308681.0,3730000.0,308681.0,1442437.0,1442437.0,1430694.0,1644828.0,604963.0,1443257.0,0.39,0.39,0.39,-244.0,1644006.0,-236812.0,1661451.0,1442437.0,EA,1
2019-09-30,4103423.0,-5869.0,1678734.0,1641626.0,4103423.0,31239.0,-5498.0,2783307.0,14523.0,1678734.0,1814320.0,1647495.0,0.45,2003528.0,0.45,3730000.0,0.0,31239.0,1642685.0,0.45,189208.0,3730000.0,189208.0,1678734.0,1678734.0,1648183.0,2100954.0,629369.0,1679422.0,0.45,0.45,0.45,-244.0,2099895.0,-472792.0,1814320.0,1678734.0,EA,1
2019-12-31,4083110.0,129.0,1749729.0,1750947.0,4083110.0,-1089.0,130.0,2764794.0,24901.0,1749729.0,1792420.0,1750817.0,0.47,2023772.0,0.47,3730000.0,0.3,-1089.0,1751444.0,0.47,231352.0,3730000.0,231352.0,1749729.0,1749729.0,1751315.0,2059835.0,664453.0,1750226.0,0.47,0.47,0.47,-244.0,2059337.0,-333291.0,1792420.0,1749729.0,EA,1
2020-03-31,4732189.0,1057.0,1452056.0,1417394.0,4732189.0,35719.0,1057.0,2355088.0,29221.0,1452056.0,2668743.0,1416337.0,0.39,2957167.0,0.39,3723221.0,0.0,35719.0,1417394.0,0.39,288424.0,3723221.0,288424.0,1452056.0,1452056.0,1416337.0,1775022.0,551779.0,1452056.0,0.39,0.39,0.39,-244.0,1775022.0,-386849.0,2668743.0,1452056.0,EA,1
2020-06-30,4127995.0,6998.0,1149425.0,1126797.0,4127995.0,29626.0,6998.0,2244295.0,47311.0,1149425.0,2243725.0,1119799.0,0.31,2636081.0,0.31,3707823.0,0.0,29626.0,1126797.0,0.31,392356.0,3707823.0,392356.0,1149425.0,1149425.0,1119799.0,1491914.0,719499.0,1149425.0,0.31,0.31,0.31,-244.0,1491914.0,-412428.0,2243725.0,1149425.0,EA,1
2020-09-30,3773467.0,3992.0,1118998.0,1089943.0,3773467.0,33047.0,3996.0,2145002.0,27827.0,1118998.0,2043869.0,1085951.0,0.3,2311482.0,0.3,3729993.0,0.0,33047.0,1091135.0,0.3,267613.0,3729993.0,267613.0,1118998.0,1118998.0,1087139.0,1463177.0,639494.0,1120186.0,0.3,0.3,0.3,-244.0,1461985.0,-399869.0,2043869.0,1118998.0,EA,1
2020-12-31,4445906.0,-30270.0,1484087.0,1395024.0,4445906.0,58792.0,-29506.0,2516990.0,15226.0,1484087.0,2315082.0,1425294.0,0.4,2645105.0,0.4,3708751.0,0.3,58792.0,1397206.0,0.4,330023.0,3708751.0,330023.0,1484087.0,1484087.0,1426712.0,1802982.0,677283.0,1485505.0,0.4,0.4,0.4,-244.0,1800801.0,-421003.0,2315082.0,1484087.0,EA,1
2021-03-31,4702718.0,37903.0,1411851.0,1398350.0,4702718.0,51404.0,37947.0,2470722.0,3713.0,1411851.0,2557008.0,1360447.0,0.38,2923813.0,0.38,3715397.0,0.0,51404.0,1399963.0,0.38,366805.0,3715397.0,366805.0,1411851.0,1411851.0,1362016.0,1780518.0,655475.0,1413420.0,0.38,0.38,0.38,-244.0,1778905.0,-384268.0,2557008.0,1411851.0,EA,1
2021-06-30,4923465.0,12179.0,1190653.0,1153022.0,4923465.0,49810.0,12184.0,2233205.0,11613.0,1190653.0,3100628.0,1140843.0,0.32,3412186.0,0.32,3720791.0,0.0,49810.0,1153461.0,0.32,311558.0,3720791.0,311558.0,1190653.0,1190653.0,1141277.0,1511718.0,683478.0,1191087.0,0.32,0.32,0.32,-244.0,1511279.0,-369870.0,3100628.0,1190653.0,EA,1
2021-09-30,5039639.0,8810.0,1616256.0,1630532.0,5039639.0,-5466.0,8828.0,2469743.0,138805.0,1616256.0,2902168.0,1621722.0,0.43,3267605.0,0.43,3764522.0,0.0,-5466.0,1633910.0,0.43,365437.0,3764522.0,365437.0,1616256.0,1616256.0,1625082.0,1775412.0,656736.0,1619616.0,0.43,0.43,0.43,-244.0,1772034.0,-280307.0,2902168.0,1616256.0,EA,1
2021-12-31,5507988.0,-55547.0,1881308.0,1750794.0,5507988.0,74967.0,-51417.0,2452521.0,230155.0,1881308.0,3333549.0,1806341.0,0.51,3727081.0,0.51,3677967.0,0.3,74967.0,1762592.0,0.51,393532.0,3677967.0,393532.0,1881308.0,1881308.0,1814009.0,1792705.0,623093.0,1888977.0,0.51,0.51,0.51,-244.0,1780907.0,-260268.0,3333549.0,1881308.0,EA,1
2022-03-31,4740421.0,-4912.0,1366310.0,1289391.0,4740421.0,72007.0,-4905.0,2282042.0,76143.0,1366310.0,2906414.0,1294303.0,0.37,3226570.0,0.37,3692730.0,0.0,72007.0,1289410.0,0.37,320156.0,3692730.0,320156.0,1366310.0,1366310.0,1294315.0,1513870.0,724060.0,1366322.0,0.37,0.37,0.37,-244.0,1513851.0,-300603.0,2906414.0,1366310.0,EA,1
2022-06-30,5395981.0,41883.0,1095431.0,990152.0,5395981.0,147162.0,41887.0,2214602.0,58088.0,1095431.0,3708791.0,948269.0,0.29,4159969.0,0.29,3777348.0,0.0,147162.0,990256.0,0.29,451178.0,3777348.0,451178.0,1095431.0,1095431.0,948369.0,1236116.0,886787.0,1095531.0,0.29,0.29,0.29,-244.0,1236012.0,-303948.0,3708791.0,1095431.0,EA,1
2022-09-30,5691814.0,67854.0,2970295.0,2930143.0,5691814.0,108006.0,67854.0,2425415.0,1914976.0,2970295.0,4122849.0,2862289.0,0.8,4403857.0,0.8,3712869.0,0.0,108006.0,2930143.0,0.8,281008.0,3712869.0,281008.0,2970295.0,2970295.0,2862289.0,1287957.0,1053165.0,2970295.0,0.8,0.8,0.8,-244.0,1287957.0,-272790.0,4122849.0,2970295.0,EA,1
2022-12-31,9526398.0,40494.0,2172251.0,2342102.0,9526398.0,-129357.0,40494.0,3257329.0,142993.0,2172251.0,6656052.0,2301608.0,0.58,7030477.0,0.58,3748649.0,0.3,-129357.0,2342102.0,0.58,374425.0,3748649.0,374425.0,2172251.0,2172251.0,2301608.0,2495921.0,722028.0,2172251.0,0.58,0.58,0.58,-244.0,2495921.0,-296813.0,6656052.0,2172251.0,EA,1
2023-03-31,8894681.0,98023.0,2319761.0,2490002.0,8894681.0,-72218.0,98023.0,3783009.0,9485.0,2319761.0,5596641.0,2391979.0,0.62,5964776.0,0.62,3741550.0,0.0,-72218.0,2490002.0,0.62,368135.0,3741550.0,368135.0,2319761.0,2319761.0,2391979.0,2929905.0,815310.0,2319761.0,0.62,0.62,0.62,-244.0,2929905.0,-449388.0,5596641.0,2319761.0,EA,1
2023-06-30,7880590.0,111372.0,2160255.0,2362273.0,7880590.0,-90646.0,111942.0,3608710.0,75665.0,2160255.0,4785305.0,2250901.0,0.58,5215263.0,0.58,3724578.0,0.0,-90646.0,2374363.0,0.58,429958.0,3724578.0,429958.0,2160255.0,2160255.0,2262421.0,2677417.0,892840.0,2171775.0,0.58,0.58,0.58,-244.0,2665327.0,-378719.0,4785305.0,2160255.0,EA,1
2023-09-30,7303746.0,150086.0,1962957.0,2023356.0,7303746.0,89687.0,199966.0,2936630.0,1261821.0,1962957.0,5035617.0,1873270.0,0.7,5968325.0,0.53,3703692.0,0.0,89687.0,2695807.0,0.53,260257.0,3703692.0,260257.0,1962957.0,1962957.0,2495841.0,2007872.0,890202.0,2585528.0,0.53,0.53,0.7,-244.0,1335421.0,-573886.0,5035617.0,1962957.0,EA,1
2023-12-31,5995420.0,-123960.0,1163199.0,860029.0,5995420.0,179210.0,-123960.0,2353777.0,176347.0,1163199.0,4277234.0,983989.0,0.31,4604576.0,0.31,3741277.0,0.3,179210.0,860029.0,0.31,327342.0,3741277.0,327342.0,1163199.0,1163199.0,983989.0,1390844.0,922707.0,1163199.0,0.31,0.31,0.31,-244.0,1390844.0,-707162.0,4277234.0,1163199.0,EA,1
2024-03-31,5786931.0,43941.0,888703.0,732673.0,5786931.0,199971.0,43961.0,2147047.0,94130.0,888703.0,4271488.0,688732.0,0.24,4596830.0,0.24,3702929.0,0.0,199971.0,733007.0,0.24,325342.0,3702929.0,325342.0,888703.0,888703.0,689046.0,1190435.0,918329.0,889017.0,0.24,0.24,0.24,-244.0,1190101.0,-551558.0,4271488.0,888703.0,EA,1
2024-06-30,4418659.0,117972.0,541737.0,336345.0,4418659.0,323364.0,117972.0,1949425.0,69087.0,541737.0,2869986.0,218373.0,0.15,3405876.0,0.15,3611580.0,0.0,323364.0,336345.0,0.15,535890.0,3611580.0,535890.0,541737.0,541737.0,218373.0,1012783.0,898228.0,541737.0,0.15,0.15,0.15,-244.0,1012783.0,-745525.0,2869986.0,541737.0,EA,1
2014-03-31,403890.0,5139.0,14310.0,19449.0,403890.0,0.0,5139.0,13292.0,-3273.0,14310.0,345724.0,14310.0,0.09,378354.0,0.09,165000.0,0.0,0.0,19449.0,0.09,35903.0,165000.0,35903.0,14310.0,14310.0,14310.0,25536.0,8963.0,14310.0,0.09,0.09,0.09,-3273.0,25536.0,-6087.0,345724.0,14310.0,SCI,0
2014-06-30,652727.0,18029.0,64589.0,82618.0,652727.0,0.0,18029.0,93113.0,-4212.0,64589.0,538668.0,64589.0,0.39,563917.0,0.39,165000.0,0.0,0.0,82618.0,0.39,29461.0,165000.0,29461.0,64589.0,64589.0,64589.0,88810.0,4046.0,64589.0,0.39,0.39,0.39,-4212.0,88810.0,-6192.0,538668.0,64589.0,SCI,0
2014-09-30,935790.0,36136.0,127187.0,163321.0,935790.0,2.0,36136.0,174438.0,-2497.0,127187.0,738417.0,127185.0,0.77,766182.0,0.77,165000.0,0.0,2.0,163321.0,0.77,30263.0,165000.0,30263.0,127187.0,127187.0,127185.0,169608.0,4831.0,127187.0,0.77,0.77,0.77,-2497.0,169608.0,-6287.0,738417.0,127187.0,SCI,0
2014-12-31,816194.0,31601.0,120423.0,152027.0,816194.0,-3.0,31601.0,175544.0,-4752.0,120423.0,604617.0,120426.0,0.73,655082.0,0.73,165000.0,0.0,-3.0,152027.0,0.73,55217.0,165000.0,55217.0,120423.0,120423.0,120426.0,161113.0,4649.0,120423.0,0.73,0.73,0.73,-4752.0,161113.0,-9086.0,604617.0,120423.0,SCI,0
2015-03-31,622926.0,15546.0,68238.0,83784.0,622926.0,0.0,15546.0,97496.0,-4797.0,68238.0,505611.0,68239.0,0.41,532603.0,0.41,165000.0,0.0,0.0,83784.0,0.41,31789.0,165000.0,31789.0,68238.0,68238.0,68239.0,90323.0,4666.0,68238.0,0.41,0.41,0.41,-4797.0,90323.0,-6539.0,505611.0,68238.0,SCI,0
2015-06-30,586103.0,11425.0,74835.0,86261.0,586103.0,-1.0,11425.0,97704.0,-2196.0,74835.0,466493.0,74836.0,0.14,493664.0,0.14,536291.0,0.0,-1.0,86261.0,0.14,29367.0,536291.0,29367.0,74835.0,74835.0,74836.0,92439.0,4998.0,74835.0,0.14,0.14,0.14,-2196.0,92439.0,-6178.0,466493.0,74835.0,SCI,0
2015-09-30,381412.0,16046.0,46660.0,62706.0,381412.0,0.0,16046.0,75526.0,-5664.0,46660.0,294685.0,46660.0,0.08,311498.0,0.08,562500.0,0.0,0.0,62706.0,0.08,22477.0,562500.0,22477.0,46660.0,46660.0,46660.0,69915.0,5241.0,46660.0,0.08,0.08,0.08,-5664.0,69915.0,-7208.0,294685.0,46660.0,SCI,0
2015-12-31,499570.0,-4820.0,-2680.0,-7499.0,499570.0,-1.0,-4820.0,13585.0,-14172.0,-2680.0,463564.0,-2679.0,0.0,502670.0,0.0,738306.0,0.1,-1.0,-7499.0,0.0,53279.0,738306.0,53279.0,-2680.0,-2680.0,-2679.0,-3100.0,5150.0,-2680.0,0.0,0.0,0.0,-14172.0,-3100.0,-4399.0,463564.0,-2680.0,SCI,0
2016-03-31,272632.0,6898.0,-4803.0,2095.0,272632.0,0.0,6898.0,14617.0,-5213.0,-4803.0,228544.0,-4803.0,-0.01,266340.0,-0.01,750000.0,0.0,0.0,2095.0,-0.01,43009.0,750000.0,43009.0,-4803.0,-4803.0,-4803.0,6292.0,5154.0,-4803.0,-0.01,-0.01,-0.01,-5213.0,6292.0,-4197.0,228544.0,-4803.0,SCI,0
2016-06-30,259538.0,5050.0,-3580.0,1470.0,259538.0,0.0,5050.0,14089.0,-4525.0,-3580.0,225249.0,-3580.0,0.0,253809.0,0.0,750000.0,0.0,0.0,1470.0,0.0,33085.0,750000.0,33085.0,-3580.0,-3580.0,-3580.0,5729.0,5212.0,-3580.0,0.0,0.0,0.0,-4525.0,5729.0,-4259.0,225249.0,-3580.0,SCI,0
2016-09-30,601379.0,10522.0,57044.0,67535.0,601379.0,31.0,10522.0,83141.0,-6698.0,57044.0,503319.0,57013.0,0.08,526869.0,0.08,750000.0,0.0,31.0,67535.0,0.08,30248.0,750000.0,30248.0,57044.0,57044.0,57013.0,74510.0,5484.0,57044.0,0.08,0.08,0.08,-6698.0,74510.0,-6975.0,503319.0,57044.0,SCI,0
2016-12-31,810225.0,17496.0,113856.0,131281.0,810225.0,71.0,17496.0,145396.0,-9703.0,113856.0,654137.0,113785.0,0.15,673727.0,0.15,750000.0,0.05,71.0,131281.0,0.15,29293.0,750000.0,29293.0,113856.0,113856.0,113785.0,136497.0,5657.0,113856.0,0.15,0.15,0.15,-9703.0,136497.0,-5217.0,654137.0,113856.0,SCI,0
2017-03-31,585698.0,4435.0,6357.0,10698.0,585698.0,94.0,4435.0,24046.0,-4866.0,6357.0,523806.0,6263.0,0.01,571312.0,0.01,750000.0,0.0,94.0,10698.0,0.01,52372.0,750000.0,52372.0,6357.0,6357.0,6263.0,14386.0,6336.0,6357.0,0.01,0.01,0.01,-4866.0,14386.0,-3688.0,523806.0,6357.0,SCI,0
2017-06-30,306286.0,6267.0,3027.0,9185.0,306286.0,109.0,6267.0,22900.0,-4165.0,3027.0,257823.0,2918.0,0.0,293008.0,0.0,750000.0,0.0,109.0,9185.0,0.0,39350.0,750000.0,39350.0,3027.0,3027.0,2918.0,13278.0,6319.0,3027.0,0.0,0.0,0.0,-4165.0,13278.0,-4093.0,257823.0,3027.0,SCI,0
2017-09-30,417115.0,7459.0,33406.0,40725.0,417115.0,140.0,7459.0,52248.0,-5120.0,33406.0,337490.0,33266.0,0.04,374544.0,0.04,750000.0,0.0,140.0,40725.0,0.04,42173.0,750000.0,42173.0,33406.0,33406.0,33266.0,42571.0,6406.0,33406.0,0.04,0.04,0.04,-5120.0,42571.0,-1847.0,337490.0,33406.0,SCI,0
2017-12-31,350631.0,1807.0,-22292.0,-20682.0,350631.0,197.0,1807.0,-14114.0,4406.0,-22292.0,324459.0,-22489.0,-0.03,374185.0,-0.03,750000.0,0.05,197.0,-20682.0,-0.03,49726.0,750000.0,49726.0,-22292.0,-22292.0,-22489.0,-23554.0,6199.0,-22292.0,-0.03,-0.03,-0.03,-4797.0,-23554.0,-1533.0,324459.0,-22292.0,SCI,0
2018-03-31,377557.0,-108.0,-23194.0,-23387.0,377557.0,85.0,-108.0,-15348.0,2229.0,-23194.0,341810.0,-23279.0,-0.03,402014.0,-0.03,750000.0,0.0,85.0,-23387.0,-0.03,60204.0,750000.0,60204.0,-23194.0,-23194.0,-23279.0,-24458.0,6044.0,-23194.0,-0.03,-0.03,-0.03,-4797.0,-24458.0,-1159.0,341810.0,-23194.0,SCI,0
2018-06-30,327322.0,1017.0,21026.0,21835.0,327322.0,208.0,1017.0,30588.0,2746.0,21026.0,293214.0,20818.0,0.03,306422.0,0.03,758242.0,0.0,208.0,21835.0,0.03,13208.0,758242.0,13208.0,21026.0,21026.0,20818.0,20900.0,6556.0,21026.0,0.03,0.03,0.03,-4797.0,20900.0,-1811.0,293214.0,21026.0,SCI,0
2018-09-30,319817.0,1774.0,-7213.0,-5745.0,319817.0,306.0,1774.0,-1994.0,7714.0,-7213.0,268228.0,-7519.0,-0.01,331696.0,-0.01,750000.0,0.0,306.0,-5745.0,-0.01,63468.0,750000.0,63468.0,-7213.0,-7213.0,-7519.0,-11879.0,6640.0,-7213.0,-0.01,-0.01,-0.01,-4797.0,-11879.0,-1580.0,268228.0,-7213.0,SCI,0
2018-12-31,260306.0,-2761.0,-36088.0,-39498.0,260306.0,649.0,-2761.0,-22830.0,2247.0,-36088.0,249110.0,-36737.0,-0.05,296216.0,-0.05,750000.0,0.05,649.0,-39498.0,-0.05,47105.0,750000.0,47105.0,-36088.0,-36088.0,-36737.0,-35910.0,9810.0,-36088.0,-0.05,-0.05,-0.05,-4797.0,-35910.0,-5835.0,249110.0,-36088.0,SCI,0
2019-03-31,205780.0,3620.0,-20870.0,-17796.0,205780.0,545.0,3620.0,2439.0,-2207.0,-20870.0,179657.0,-21416.0,-0.03,218127.0,-0.03,750000.0,0.0,545.0,-17796.0,-0.03,42359.0,750000.0,42359.0,-20870.0,-20870.0,-21416.0,-14030.0,13427.0,-20870.0,-0.03,-0.03,-0.03,-2207.0,-12347.0,-5449.0,179657.0,-20870.0,SCI,0
2019-06-30,233676.0,-5239.0,-48256.0,-54284.0,233676.0,789.0,-5239.0,-33922.0,-6595.0,-48256.0,231940.0,-49044.0,-0.06,282218.0,-0.06,750000.0,0.0,789.0,-54284.0,-0.06,59086.0,750000.0,59086.0,-48256.0,-48256.0,-49044.0,-50755.0,13714.0,-48256.0,-0.06,-0.06,-0.06,-6595.0,-48542.0,-5742.0,231940.0,-48256.0,SCI,0
2019-09-30,337814.0,-185.0,-32362.0,-33259.0,337814.0,712.0,-185.0,-8866.0,-3579.0,-32362.0,324544.0,-33074.0,-0.04,361777.0,-0.04,750000.0,0.0,712.0,-33259.0,-0.04,42591.0,750000.0,42591.0,-32362.0,-32362.0,-33074.0,-25741.0,13877.0,-32362.0,-0.04,-0.04,-0.04,-3579.0,-23962.0,-9297.0,324544.0,-32362.0,SCI,0
2019-12-31,325394.0,2131.0,-33337.0,-31790.0,325394.0,583.0,2131.0,13722.0,7575.0,-33337.0,271803.0,-33921.0,-0.04,323671.0,-0.04,750000.0,0.02,583.0,-31790.0,-0.04,21839.0,750000.0,21839.0,-33337.0,-33337.0,-33921.0,557.0,10455.0,-33337.0,-0.04,-0.04,-0.04,31195.0,1723.0,-9892.0,271803.0,-33337.0,SCI,0
2020-03-31,240680.0,1802.0,14142.0,15316.0,240680.0,628.0,1802.0,1048.0,-2915.0,14142.0,210609.0,13514.0,0.02,217429.0,0.02,750000.0,0.0,628.0,15316.0,0.02,44753.0,750000.0,44753.0,14142.0,14142.0,13514.0,-12963.0,11288.0,14142.0,0.02,0.02,0.02,-1719.0,23251.0,-6739.0,210609.0,14142.0,SCI,0
2020-06-30,347074.0,6329.0,2946.0,8581.0,347074.0,693.0,6329.0,28447.0,23491.0,2946.0,267835.0,2252.0,0.0,332102.0,0.0,750000.0,0.0,693.0,8581.0,0.0,41493.0,750000.0,41493.0,2946.0,2946.0,2252.0,14335.0,11422.0,2946.0,0.0,0.0,0.0,23411.0,14972.0,-6471.0,267835.0,2946.0,SCI,0
2020-09-30,405739.0,4270.0,1394.0,5104.0,405739.0,560.0,4270.0,13292.0,-1286.0,1394.0,365469.0,834.0,0.0,395356.0,0.0,750000.0,0.0,560.0,5104.0,0.0,42408.0,750000.0,42408.0,1394.0,1394.0,834.0,-731.0,11416.0,1394.0,0.0,0.0,0.0,-1406.0,10383.0,-5399.0,365469.0,1394.0,SCI,0
2020-12-31,407765.0,719.0,-199121.0,-198842.0,407765.0,440.0,719.0,10268.0,-170238.0,-199121.0,367429.0,-199561.0,-0.27,429011.0,-0.27,750000.0,0.0,440.0,-198842.0,-0.27,40974.0,750000.0,40974.0,-199121.0,-199121.0,-199561.0,-1212.0,8963.0,-199121.0,-0.27,-0.27,-0.27,574.0,-21246.0,-6784.0,367429.0,-199121.0,SCI,0
2021-03-31,383773.0,6530.0,8633.0,14557.0,383773.0,606.0,6530.0,32542.0,-11422.0,8633.0,332402.0,8028.0,0.01,364384.0,0.01,750000.0,0.0,606.0,14557.0,0.01,44341.0,750000.0,44341.0,8633.0,8633.0,8028.0,19070.0,11110.0,8633.0,0.01,0.01,0.01,-12040.0,19389.0,-5449.0,332402.0,8633.0,SCI,0
2021-06-30,318110.0,-1851.0,-15105.0,-17439.0,318110.0,484.0,-1851.0,149.0,-7384.0,-15105.0,297479.0,-15588.0,-0.02,331270.0,-0.02,750000.0,0.0,484.0,-17439.0,-0.02,41905.0,750000.0,41905.0,-15105.0,-15105.0,-15588.0,-13769.0,11470.0,-15105.0,-0.02,-0.02,-0.02,-7504.0,-13159.0,-4400.0,297479.0,-15105.0,SCI,0
2021-09-30,444994.0,5146.0,8765.0,13547.0,444994.0,364.0,5146.0,33480.0,-24897.0,8765.0,413601.0,8401.0,0.01,425407.0,0.01,750000.0,0.0,364.0,13547.0,0.01,37699.0,750000.0,37699.0,8765.0,8765.0,8401.0,18816.0,12041.0,8765.0,0.01,0.01,0.01,-25121.0,19587.0,-6264.0,413601.0,8765.0,SCI,0
2021-12-31,422357.0,-4398.0,1161.0,-3640.0,422357.0,403.0,-4398.0,15882.0,-8981.0,1161.0,393666.0,758.0,0.0,420478.0,0.0,750000.0,0.0,403.0,-3640.0,0.0,36570.0,750000.0,36570.0,1161.0,1161.0,758.0,1370.0,11857.0,1161.0,0.0,0.0,0.0,-9248.0,1879.0,-5786.0,393666.0,1161.0,SCI,0
2022-03-31,371303.0,-395.0,-39876.0,-40705.0,371303.0,433.0,-395.0,-23761.0,-1705.0,-39876.0,371167.0,-40309.0,-0.05,408246.0,-0.05,750000.0,0.0,433.0,-40705.0,-0.05,39130.0,750000.0,39130.0,-39876.0,-39876.0,-40309.0,-37101.0,10759.0,-39876.0,-0.05,-0.05,-0.05,-1894.0,-36943.0,-3951.0,371167.0,-39876.0,SCI,0
2022-06-30,385608.0,-152.0,-56945.0,-59268.0,385608.0,2171.0,-152.0,-40698.0,-15079.0,-56945.0,418851.0,-59116.0,-0.08,439952.0,-0.08,750000.0,0.0,2171.0,-59268.0,-0.08,36707.0,750000.0,36707.0,-56945.0,-56945.0,-59116.0,-54754.0,11355.0,-56945.0,-0.08,-0.08,-0.08,-15196.0,-54344.0,-5041.0,418851.0,-56945.0,SCI,0
2022-09-30,338384.0,633.0,-58402.0,-58510.0,338384.0,742.0,633.0,-38432.0,-21203.0,-58402.0,376577.0,-59143.0,-0.08,391315.0,-0.08,750000.0,0.0,742.0,-58510.0,-0.08,36217.0,750000.0,36217.0,-58402.0,-58402.0,-59143.0,-53068.0,11579.0,-58402.0,-0.08,-0.08,-0.08,-21342.0,-52931.0,-5719.0,376577.0,-58402.0,SCI,0
2022-12-31,370804.0,-978.0,-44464.0,-43984.0,370804.0,-1459.0,-978.0,-21538.0,21300.0,-44464.0,349116.0,-43005.0,-0.06,406292.0,-0.06,750000.0,0.0,-1459.0,-43984.0,-0.06,36101.0,750000.0,36101.0,-44464.0,-44464.0,-43005.0,-35705.0,11318.0,-44464.0,-0.06,-0.06,-0.06,21292.0,-35488.0,-8503.0,349116.0,-44464.0,SCI,0
2023-03-31,323104.0,-456.0,-36277.0,-37290.0,323104.0,558.0,-2969.0,-23920.0,-2049.0,-36277.0,326185.0,-36835.0,-0.05,352906.0,-0.05,750000.0,0.0,558.0,-44471.0,-0.05,35962.0,750000.0,35962.0,-36277.0,-36277.0,-41502.0,-36983.0,10470.0,-40945.0,-0.05,-0.05,-0.05,-2059.0,-29803.0,-7498.0,326185.0,-36277.0,SCI,0
2023-06-30,422058.0,-302.0,-47626.0,-48418.0,422058.0,489.0,-302.0,-20468.0,-14202.0,-47626.0,432724.0,-48115.0,-0.06,455683.0,-0.06,750000.0,0.0,489.0,-48418.0,-0.06,37182.0,750000.0,37182.0,-47626.0,-47626.0,-48115.0,-33625.0,10497.0,-47626.0,-0.06,-0.06,-0.06,-14222.0,-33625.0,-14812.0,432724.0,-47626.0,SCI,0
2023-09-30,413897.0,-205.0,-12862.0,-13653.0,413897.0,585.0,-205.0,12524.0,-15467.0,-12862.0,393730.0,-13447.0,-0.02,415019.0,-0.02,750000.0,0.0,585.0,-13653.0,-0.02,36804.0,750000.0,36804.0,-12862.0,-12862.0,-13447.0,-1121.0,10897.0,-12862.0,-0.02,-0.02,-0.02,-15515.0,-1121.0,-12580.0,393730.0,-12862.0,SCI,0
2023-12-31,423709.0,-5009.0,-462201.0,-484080.0,423709.0,16871.0,146309.0,-22412.0,-6188.0,-462201.0,410174.0,-479072.0,-0.24,891426.0,-0.62,750000.0,0.0,16871.0,-51745.0,-0.62,41516.0,750000.0,41516.0,-462201.0,-462201.0,-198054.0,-35602.0,10466.0,-181183.0,-0.62,-0.62,-0.24,7621.0,-467717.0,-2554.0,410174.0,-462201.0,SCI,0
2024-03-31,360759.0,-52.0,-31905.0,-32379.0,360759.0,423.0,-52.0,-10114.0,-9281.0,-31905.0,355453.0,-32328.0,-0.04,379552.0,-0.04,750000.0,0.0,423.0,-32379.0,-0.04,33415.0,750000.0,33415.0,-31905.0,-31905.0,-32328.0,-18793.0,5991.0,-31905.0,-0.04,-0.04,-0.04,-9316.0,-18793.0,-13621.0,355453.0,-31905.0,SCI,0
2024-06-30,382406.0,-199.0,-18579.0,-19298.0,382406.0,520.0,-199.0,4588.0,-13674.0,-18579.0,362550.0,-19099.0,-0.02,386667.0,-0.02,750000.0,0.0,520.0,-19298.0,-0.02,38258.0,750000.0,38258.0,-18579.0,-18579.0,-19099.0,-4261.0,6094.0,-18579.0,-0.02,-0.02,-0.02,-14140.0,-4261.0,-15503.0,362550.0,-18579.0,SCI,0
2003-03-31,143630.0,657.0,263.0,920.0,143630.0,0.0,657.0,38864.5,-2606.0,263.0,107629.0,263.0,0.0,138282.0,0.0,107142.0,0.0,0.0,920.0,0.0,33259.0,107142.0,33259.0,263.0,263.0,263.0,5348.0,9283.0,263.0,0.0,0.0,0.0,-2606.0,5348.0,-4428.0,107629.0,263.0,LNE,0
2003-06-30,183056.0,2152.0,4845.0,6997.0,183056.0,0.0,2152.0,15215.0,-966.0,4845.0,135183.0,4845.0,0.05,172172.0,0.05,107142.0,0.0,0.0,6997.0,0.05,37955.0,107142.0,37955.0,4845.0,4845.0,4845.0,10884.0,4331.0,4845.0,0.05,0.05,0.05,-966.0,10884.0,-3887.0,135183.0,4845.0,LNE,0
2003-09-30,210794.0,4219.0,7946.0,12165.0,210794.0,0.0,4219.0,17916.0,-1220.0,7946.0,154566.0,7946.0,0.07,195152.0,0.07,107142.0,0.0,0.0,12165.0,0.07,41806.0,107142.0,41806.0,7946.0,7946.0,7946.0,15642.0,2274.0,7946.0,0.07,0.07,0.07,-1220.0,15642.0,-3477.0,154566.0,7946.0,LNE,0
2003-12-31,247972.0,5382.0,10705.0,16087.0,247972.0,0.0,5382.0,19459.0,-1692.0,10705.0,177590.0,10705.0,0.1,231154.0,0.1,107142.0,0.0,0.0,16087.0,0.1,55256.0,107142.0,55256.0,10705.0,10705.0,10705.0,16818.0,2641.0,10705.0,0.1,0.1,0.1,-1692.0,16818.0,-731.0,177590.0,10705.0,LNE,0
2004-03-31,200792.0,2989.0,6005.0,8994.0,200792.0,0.0,2989.0,11503.0,-1644.0,6005.0,145067.0,6005.0,0.04,189289.0,0.04,161537.0,0.0,0.0,8994.0,0.04,45866.0,161537.0,45866.0,6005.0,6005.0,6005.0,11503.0,0.0,6005.0,0.04,0.04,0.04,-1644.0,11503.0,-2509.0,145067.0,6005.0,LNE,0
2004-06-30,222658.0,1978.0,3025.0,5003.0,222658.0,0.0,1978.0,15117.0,-2454.0,3025.0,165606.0,3025.0,0.01,213218.0,0.01,224998.0,0.0,0.0,5003.0,0.01,50066.0,224998.0,50066.0,3025.0,3025.0,3025.0,9440.0,5677.0,3025.0,0.01,0.01,0.01,-2454.0,9440.0,-4437.0,165606.0,3025.0,LNE,0
2004-09-30,314150.0,7189.0,14489.0,21678.0,314150.0,0.0,7189.0,29492.0,-1536.0,14489.0,229464.0,14489.0,0.06,287648.0,0.06,257549.0,0.0,0.0,21678.0,0.06,59720.0,257549.0,59720.0,14489.0,14489.0,14489.0,26502.0,2990.0,14489.0,0.06,0.06,0.06,-1536.0,26502.0,-4824.0,229464.0,14489.0,LNE,0
2004-12-31,392948.0,9331.0,20621.0,29954.0,392948.0,-2.0,9331.0,36263.0,-4714.0,20621.0,285679.0,20623.0,0.09,360166.0,0.09,232085.0,0.07,-2.0,29954.0,0.09,79201.0,232085.0,79201.0,20621.0,20621.0,20623.0,32782.0,3481.0,20621.0,0.09,0.09,0.09,-4714.0,32782.0,-2828.0,285679.0,20621.0,LNE,0
2005-03-31,281747.0,5660.0,13240.0,18901.0,281747.0,-1.0,3653.0,17376.0,-3510.0,13240.0,211720.0,13241.0,0.03,261296.0,0.04,294641.0,0.0,-1.0,12199.0,0.04,59788.0,294641.0,59788.0,13240.0,13240.0,8546.0,13749.0,3627.0,8545.0,0.04,0.04,0.03,-3510.0,20451.0,-1550.0,211720.0,13240.0,LNE,0
2005-06-30,333025.0,5117.0,9971.0,15088.0,333025.0,0.0,4798.0,21731.0,-3176.0,9971.0,247181.0,9971.0,0.03,313781.0,0.03,297879.0,0.0,0.0,14454.0,0.03,70410.0,297879.0,70410.0,9971.0,9971.0,9656.0,18610.0,3121.0,9656.0,0.03,0.03,0.03,-3176.0,19244.0,-4156.0,247181.0,9971.0,LNE,0
2005-09-30,343249.0,4163.0,17361.0,21525.0,343249.0,-1.0,4172.0,30670.0,-1829.0,17361.0,251764.0,17362.0,0.06,317990.0,0.06,294641.0,0.0,-1.0,21573.0,0.06,68007.0,294641.0,68007.0,17361.0,17361.0,17401.0,25307.0,5363.0,17400.0,0.06,0.06,0.06,-1829.0,25259.0,-3734.0,251764.0,17361.0,LNE,0
2005-12-31,430861.0,6949.0,21904.0,28853.0,430861.0,0.0,8704.0,44229.0,-8713.0,21904.0,319476.0,21904.0,0.09,396709.0,0.07,294641.0,0.08,0.0,36141.0,0.07,78658.0,294641.0,78658.0,21904.0,21904.0,27437.0,41440.0,2789.0,27437.0,0.07,0.07,0.09,-8713.0,34152.0,-5299.0,319476.0,21904.0,LNE,0
2006-03-31,285581.0,3258.0,10344.0,13602.0,285581.0,0.0,3258.0,21457.0,-1786.0,10344.0,201393.0,10344.0,0.04,268744.0,0.04,294641.0,0.0,0.0,13602.0,0.04,69137.0,294641.0,69137.0,10344.0,10344.0,10344.0,16837.0,4620.0,10344.0,0.04,0.04,0.04,-1786.0,16837.0,-3235.0,201393.0,10344.0,LNE,0
2006-06-30,329778.0,4664.0,14407.0,19071.0,329778.0,0.0,4664.0,28732.0,-1841.0,14407.0,232077.0,14407.0,0.05,305082.0,0.05,294641.0,0.0,0.0,19071.0,0.05,74846.0,294641.0,74846.0,14407.0,14407.0,14407.0,24696.0,4036.0,14407.0,0.05,0.05,0.05,-1841.0,24696.0,-5625.0,232077.0,14407.0,LNE,0
2006-09-30,464032.0,13553.0,38718.0,52270.0,464032.0,1.0,13554.0,63093.0,-2671.0,38718.0,305517.0,38717.0,0.13,405267.0,0.13,294641.0,0.0,1.0,52275.0,0.13,102416.0,294641.0,102416.0,38718.0,38718.0,38721.0,58770.0,4323.0,38722.0,0.13,0.13,0.13,-2671.0,58765.0,-6495.0,305517.0,38718.0,LNE,0
2006-12-31,469271.0,8944.0,29431.0,38376.0,469271.0,-1.0,8943.0,47570.0,-4360.0,29431.0,341294.0,29432.0,0.1,424757.0,0.1,294641.0,0.03,-1.0,38371.0,0.1,87828.0,294641.0,87828.0,29431.0,29431.0,29428.0,44509.0,3061.0,29427.0,0.1,0.1,0.1,-4360.0,44514.0,-6138.0,341294.0,29431.0,LNE,0
2007-03-31,319666.0,2793.0,7915.0,10708.0,319666.0,0.0,2793.0,22282.0,-2283.0,7915.0,235229.0,7915.0,0.03,302118.0,0.03,294640.0,0.0,0.0,10708.0,0.03,69172.0,294640.0,68772.0,7915.0,7915.0,7915.0,17548.0,4734.0,7915.0,0.03,0.03,0.03,-2283.0,17548.0,-6840.0,235229.0,7915.0,LNE,0
2007-06-30,320059.0,3012.0,10560.0,13572.0,320059.0,0.0,3012.0,24317.0,-1614.0,10560.0,231183.0,10560.0,0.04,300435.0,0.04,294640.0,0.0,0.0,13572.0,0.04,70866.0,294640.0,70466.0,10560.0,10560.0,10560.0,19624.0,4693.0,10560.0,0.04,0.04,0.04,-1614.0,19624.0,-6052.0,231183.0,10560.0,LNE,0
2007-09-30,361589.0,3164.0,11052.0,14216.0,361589.0,0.0,3164.0,25432.0,-2133.0,11052.0,264357.0,11052.0,0.04,341926.0,0.04,294641.0,0.0,0.0,14216.0,0.04,79702.0,294641.0,79502.0,11052.0,11052.0,11052.0,19663.0,5769.0,11052.0,0.04,0.04,0.04,-2133.0,19663.0,-5447.0,264357.0,11052.0,LNE,0
2007-12-31,410784.0,3010.0,11911.0,14921.0,410784.0,0.0,3010.0,25472.0,-4248.0,11911.0,294495.0,11911.0,0.04,389298.0,0.04,294642.0,0.08,0.0,14921.0,0.04,99051.0,294642.0,99051.0,11911.0,11911.0,11911.0,21486.0,3986.0,11911.0,0.04,0.04,0.04,-4248.0,21486.0,-6565.0,294495.0,11911.0,LNE,0
2008-03-31,387444.0,4121.0,13133.0,17254.0,387444.0,0.0,4121.0,27109.0,-4807.0,13133.0,279154.0,13133.0,0.04,366397.0,0.04,294640.0,0.0,0.0,17254.0,0.04,92050.0,294640.0,91550.0,13133.0,13133.0,13133.0,21047.0,6062.0,13133.0,0.04,0.04,0.04,-4807.0,21047.0,-3793.0,279154.0,13133.0,LNE,0
2008-06-30,387395.0,3097.0,10855.0,13953.0,387395.0,-1.0,3097.0,28104.0,-2504.0,10855.0,286085.0,10856.0,0.04,365960.0,0.04,297878.0,0.0,-1.0,13953.0,0.04,82379.0,297878.0,81959.0,10855.0,10855.0,10856.0,21435.0,6669.0,10855.0,0.04,0.04,0.04,-2504.0,21435.0,-7482.0,286085.0,10855.0,LNE,0
2008-09-30,408263.0,2828.0,11827.0,14655.0,408263.0,0.0,2828.0,27142.0,-2627.0,11827.0,306221.0,11827.0,0.04,388024.0,0.04,294640.0,0.0,0.0,14655.0,0.04,84430.0,294640.0,83981.0,11827.0,11827.0,11827.0,20239.0,6903.0,11827.0,0.04,0.04,0.04,-2627.0,20239.0,-5584.0,306221.0,11827.0,LNE,0
2008-12-31,427884.0,2906.0,12245.0,15151.0,427884.0,0.0,2906.0,28623.0,-2575.0,12245.0,315835.0,12245.0,0.04,405512.0,0.04,294646.0,0.07,0.0,15151.0,0.04,92252.0,294646.0,61707.0,12245.0,12245.0,12245.0,22372.0,6251.0,12245.0,0.04,0.04,0.04,-2575.0,22372.0,-7221.0,315835.0,12245.0,LNE,0
2009-03-31,362765.0,1834.0,4408.0,6242.0,362765.0,0.0,1834.0,20500.0,-3048.0,4408.0,270423.0,4408.0,0.01,350176.0,0.01,294640.0,0.0,0.0,6242.0,0.01,82801.0,294640.0,75535.0,4408.0,4408.0,4408.0,12589.0,7911.0,4408.0,0.01,0.01,0.01,-3048.0,12589.0,-6347.0,270423.0,4408.0,LNE,0
2009-06-30,301061.0,-731.0,-6969.0,-7700.0,301061.0,0.0,-731.0,5657.0,-1346.0,-6969.0,227864.0,-6969.0,-0.02,303900.0,-0.02,294640.0,0.0,0.0,-7700.0,-0.02,77382.0,294640.0,71017.0,-6969.0,-6969.0,-6969.0,-2839.0,8496.0,-6969.0,-0.02,-0.02,-0.02,-1346.0,-2839.0,-4861.0,227864.0,-6969.0,LNE,0
2009-09-30,374615.0,1496.0,4136.0,5632.0,374615.0,0.0,1496.0,19148.0,-1877.0,4136.0,278575.0,4136.0,0.01,364282.0,0.01,294640.0,0.0,0.0,5632.0,0.01,87584.0,294640.0,80785.0,4136.0,4136.0,4136.0,10333.0,8815.0,4136.0,0.01,0.01,0.01,-1877.0,10333.0,-4701.0,278575.0,4136.0,LNE,0
2009-12-31,426489.0,2450.0,12598.0,15048.0,426489.0,0.0,2450.0,8483.0,-3557.0,12598.0,319209.0,12598.0,0.04,406985.0,0.04,294691.0,0.04,0.0,15048.0,0.04,91333.0,294640.0,75053.0,12598.0,12598.0,12598.0,19504.0,-11021.0,12598.0,0.04,0.04,0.04,-3557.0,19504.0,-4456.0,319209.0,12598.0,LNE,0
2010-03-31,374756.0,2587.0,8522.0,11109.0,374756.0,0.0,2587.0,23086.0,-1748.0,8522.0,275604.0,8522.0,0.03,360154.0,0.03,294653.0,0.0,0.0,11109.0,0.03,86298.0,294653.0,86298.0,8522.0,8522.0,8522.0,14602.0,8484.0,8522.0,0.03,0.03,0.03,-1748.0,14602.0,-3493.0,275604.0,8522.0,LNE,0
2010-06-30,336014.0,2037.0,1841.0,3878.0,336014.0,0.0,2037.0,38864.5,-1818.0,1841.0,246844.0,1841.0,0.01,328687.0,0.01,297891.0,0.0,0.0,3878.0,0.01,83661.0,297891.0,83661.0,1841.0,1841.0,1841.0,7327.0,9283.0,1841.0,0.01,0.01,0.01,-1818.0,7327.0,-3449.0,246844.0,1841.0,LNE,0
2010-09-30,439057.0,7936.0,18597.0,26533.0,439057.0,0.0,7936.0,38764.0,-884.0,18597.0,314456.0,18597.0,0.06,408331.0,0.06,294653.0,0.0,0.0,26533.0,0.06,94759.0,294653.0,94759.0,18597.0,18597.0,18597.0,30726.0,8038.0,18597.0,0.06,0.06,0.06,-884.0,30726.0,-4193.0,314456.0,18597.0,LNE,0
2010-12-31,472994.0,6816.0,21649.0,28465.0,472994.0,0.0,6816.0,40071.0,-725.0,21649.0,340153.0,21649.0,0.07,441126.0,0.07,294653.0,0.07,0.0,28465.0,0.07,101697.0,294653.0,101697.0,21649.0,21649.0,21649.0,31868.0,8203.0,21649.0,0.07,0.07,0.07,-725.0,31868.0,-3403.0,340153.0,21649.0,LNE,0
2011-03-31,437092.0,5517.0,15182.0,20699.0,437092.0,0.0,5517.0,34578.0,-1754.0,15182.0,318765.0,15182.0,0.04,410972.0,0.04,385314.0,0.0,0.0,20699.0,0.05,93961.0,294653.0,93961.0,15182.0,15182.0,15182.0,26120.0,8458.0,15182.0,0.04,0.05,0.05,-1754.0,26120.0,-5421.0,318765.0,15182.0,LNE,0
2011-06-30,415488.0,5514.0,12958.0,18472.0,415488.0,0.0,5514.0,27319.0,-2140.0,12958.0,297037.0,12958.0,0.03,390596.0,0.03,385314.0,0.0,0.0,18472.0,0.04,95699.0,294653.0,95699.0,12958.0,12958.0,12958.0,24892.0,2427.0,12958.0,0.03,0.04,0.04,-2140.0,24892.0,-6420.0,297037.0,12958.0,LNE,0
2011-09-30,592396.0,15001.0,32953.0,47954.0,592396.0,0.0,15001.0,62089.0,-3803.0,32953.0,433534.0,32953.0,0.09,538630.0,0.09,375254.0,0.0,0.0,47954.0,0.11,108899.0,294653.0,108899.0,32953.0,32953.0,32953.0,53766.0,8323.0,32953.0,0.09,0.11,0.11,-3803.0,53766.0,-5812.0,433534.0,32953.0,LNE,0
2011-12-31,572242.0,3937.0,10783.0,14720.0,572242.0,0.0,3937.0,29919.0,1232.0,10783.0,443609.0,10783.0,0.04,550812.0,0.04,294678.0,0.09,0.0,14720.0,0.04,105972.0,294678.0,105972.0,10783.0,10783.0,10783.0,21431.0,8488.0,10783.0,0.04,0.04,0.04,1232.0,21431.0,-6710.0,443609.0,10783.0,LNE,0
2012-03-31,522992.0,6474.0,19873.0,26347.0,522992.0,0.0,6474.0,41991.0,-3568.0,19873.0,386046.0,19873.0,0.05,489563.0,0.05,365290.0,0.0,0.0,26347.0,0.06,107085.0,313643.0,107085.0,19873.0,19873.0,19873.0,33429.0,8562.0,19873.0,0.05,0.06,0.06,-3568.0,33429.0,-7082.0,386046.0,19873.0,LNE,0
2012-06-30,473812.0,1690.0,2950.0,4640.0,473812.0,0.0,1690.0,21174.0,-1938.0,2950.0,362908.0,2950.0,0.01,461637.0,0.01,372747.0,0.0,0.0,4640.0,0.01,100667.0,321113.0,100667.0,2950.0,2950.0,2950.0,12175.0,8999.0,2950.0,0.01,0.01,0.01,-1938.0,12175.0,-7535.0,362908.0,2950.0,LNE,0
2012-09-30,590709.0,8611.0,30518.0,39129.0,590709.0,0.0,8611.0,51133.0,5506.0,30518.0,432330.0,30518.0,0.08,550154.0,0.08,379940.0,0.0,0.0,39129.0,0.09,117824.0,328763.0,117824.0,30518.0,30518.0,30518.0,40555.0,10578.0,30518.0,0.08,0.09,0.09,-2211.5,40555.0,-6932.0,432330.0,30518.0,LNE,0
2012-12-31,672203.0,10314.0,36069.0,46383.0,672203.0,0.0,10314.0,59166.0,2530.0,36069.0,496818.0,36069.0,0.1,620471.0,0.1,377607.0,0.11,0.0,46383.0,0.11,123653.0,330518.0,123653.0,36069.0,36069.0,36069.0,51732.0,7433.0,36069.0,0.1,0.11,0.11,-2211.5,51732.0,-7879.0,496818.0,36069.0,LNE,0
2013-03-31,502533.0,3807.0,21221.0,25028.0,502533.0,0.0,3807.0,39083.0,-2954.0,21221.0,360882.0,21221.0,0.06,472555.0,0.06,370574.0,0.0,0.0,25028.0,0.06,114627.0,349861.0,114627.0,21221.0,21221.0,21221.0,29978.0,9105.0,21221.0,0.06,0.06,0.06,-2954.0,29978.0,-4950.0,360882.0,21221.0,LNE,0
2013-06-30,511445.0,5158.0,19382.0,24540.0,511445.0,0.0,5158.0,43975.0,-4412.0,19382.0,365925.0,19382.0,0.05,477577.0,0.05,370619.0,0.0,0.0,24540.0,0.05,116064.0,370619.0,116064.0,19382.0,19382.0,19382.0,33868.0,10107.0,19382.0,0.05,0.05,0.05,-4412.0,33868.0,-9328.0,365925.0,19382.0,LNE,0
2013-09-30,668196.0,13018.0,55379.0,68397.0,668196.0,0.0,13018.0,82798.0,1357.0,55379.0,454142.0,55379.0,0.14,593355.0,0.14,384125.0,0.0,0.0,68397.0,0.14,139213.0,384125.0,139213.0,55379.0,55379.0,55379.0,74841.0,7957.0,55379.0,0.14,0.14,0.14,-2211.5,74841.0,-7801.0,454142.0,55379.0,LNE,0
2013-12-31,775407.0,9254.0,47417.0,56673.0,775407.0,-2.0,9254.0,75849.0,2526.0,47417.0,557772.0,47419.0,0.12,709019.0,0.12,384247.0,0.04,-2.0,56673.0,0.12,151247.0,384247.0,151247.0,47417.0,47417.0,47419.0,66388.0,9461.0,47417.0,0.12,0.12,0.12,-2211.5,66388.0,-12240.0,557772.0,47417.0,LNE,0
2014-03-31,591777.0,5105.0,26477.0,31582.0,591777.0,0.0,5105.0,46349.0,1255.0,26477.0,418079.0,26477.0,0.07,553829.0,0.07,384124.0,0.0,0.0,31582.0,0.07,135750.0,384124.0,135750.0,26477.0,26477.0,26477.0,37948.0,8401.0,26477.0,0.07,0.07,0.07,-2211.5,37948.0,-7621.0,418079.0,26477.0,LNE,0
2014-06-30,596345.0,2732.0,23604.0,26336.0,596345.0,0.0,2732.0,40252.0,2732.0,23604.0,426413.0,23604.0,0.06,564387.0,0.06,384123.0,0.0,0.0,26336.0,0.06,137974.0,384123.0,137974.0,23604.0,23604.0,23604.0,31958.0,8294.0,23604.0,0.06,0.06,0.06,-2211.5,31958.0,-8354.0,426413.0,23604.0,LNE,0
2014-09-30,786837.0,12616.0,73007.0,85623.0,786837.0,0.0,12616.0,102089.0,1881.0,73007.0,534965.0,73007.0,0.16,693650.0,0.16,450735.0,0.0,0.0,85623.0,0.19,158685.0,384123.0,158685.0,73007.0,73007.0,73007.0,93187.0,8902.0,73007.0,0.16,0.19,0.19,-2211.5,93187.0,-9445.0,534965.0,73007.0,LNE,0
2014-12-31,635048.0,7271.0,23969.0,31241.0,635048.0,-1.0,7271.0,52254.0,1564.0,23969.0,433222.0,23970.0,0.06,592594.0,0.06,394060.0,0.18,-1.0,31241.0,0.06,159372.0,390791.0,159372.0,23969.0,23969.0,23970.0,42453.0,9801.0,23969.0,0.06,0.06,0.06,-2211.5,42453.0,-12777.0,433222.0,23969.0,LNE,0
2015-03-31,573955.0,3494.0,17377.0,20871.0,573955.0,0.0,3494.0,33965.0,5710.0,17377.0,404606.0,17377.0,0.04,550862.0,0.04,466457.0,0.0,0.0,20871.0,0.04,146256.0,431084.0,146256.0,17377.0,17377.0,17377.0,23093.0,10872.0,17377.0,0.04,0.04,0.04,-2211.5,23093.0,-7932.0,404606.0,17377.0,LNE,0
2015-06-30,651268.0,3039.0,16329.0,19151.0,651268.0,217.0,3039.0,48385.0,3655.0,16329.0,459779.0,16112.0,0.04,618290.0,0.04,470206.0,0.0,217.0,19151.0,0.04,158511.0,438840.0,158511.0,16329.0,16329.0,16112.0,32978.0,15407.0,16329.0,0.04,0.04,0.04,-2211.5,32978.0,-17482.0,459779.0,16329.0,LNE,0
2015-09-30,676969.0,4598.0,13841.0,18149.0,676969.0,290.0,4598.0,49683.0,4332.0,13841.0,479697.0,13551.0,0.03,644097.0,0.03,466540.0,0.0,290.0,18149.0,0.03,164400.0,433353.0,164400.0,13841.0,13841.0,13551.0,32872.0,16811.0,13841.0,0.03,0.03,0.03,-2211.5,32872.0,-19055.0,479697.0,13841.0,LNE,0
2015-12-31,766507.0,5512.0,15137.0,20585.0,766507.0,64.0,5512.0,51336.0,4166.0,15137.0,545189.0,15073.0,0.04,736099.0,0.04,431917.0,0.09,64.0,20585.0,0.04,190910.0,431917.0,190910.0,15137.0,15137.0,15073.0,30408.0,20928.0,15137.0,0.04,0.04,0.04,-2211.5,30408.0,-13988.0,545189.0,15137.0,LNE,0
2016-03-31,675346.0,854.0,1864.0,2750.0,675346.0,-32.0,854.0,32216.0,4226.0,1864.0,506631.0,1896.0,0.0,662984.0,0.0,461565.0,0.0,-32.0,2750.0,0.0,156353.0,444922.0,156353.0,1864.0,1864.0,1896.0,12362.0,19854.0,1864.0,0.0,0.0,0.0,-2211.5,12362.0,-13838.0,506631.0,1864.0,LNE,0
2016-06-30,636583.0,2987.0,11618.0,14657.0,636583.0,-52.0,2987.0,46434.0,3663.0,11618.0,449643.0,11670.0,0.03,610173.0,0.03,466628.0,0.0,-52.0,14657.0,0.03,160530.0,483271.0,160530.0,11618.0,11618.0,11670.0,26410.0,20024.0,11618.0,0.03,0.03,0.03,-2211.5,26410.0,-15416.0,449643.0,11618.0,LNE,0
2016-09-30,739595.0,7008.0,26860.0,34090.0,739595.0,-222.0,7008.0,67037.0,2029.0,26860.0,510215.0,27082.0,0.06,692894.0,0.06,461972.0,0.0,-222.0,34090.0,0.06,182679.0,461972.0,182679.0,26860.0,26860.0,27082.0,46701.0,20336.0,26860.0,0.06,0.06,0.06,-2211.5,46701.0,-14640.0,510215.0,26860.0,LNE,0
2016-12-31,884882.0,9928.0,33767.0,43751.0,884882.0,-56.0,9928.0,64115.0,13156.0,33767.0,638685.0,33823.0,0.08,841497.0,0.08,448192.0,0.15,-56.0,43751.0,0.08,202812.0,447209.0,202812.0,33767.0,33767.0,33823.0,43385.0,20729.0,33767.0,0.08,0.08,0.08,-2211.5,43385.0,-12791.0,638685.0,33767.0,LNE,0
2017-03-31,548821.0,1014.0,3342.0,4370.0,548821.0,-14.0,1014.0,32833.0,4536.0,3342.0,377289.0,3356.0,0.01,536608.0,0.01,457345.0,0.0,-14.0,4370.0,0.01,159319.0,457345.0,159319.0,3342.0,3342.0,3356.0,12213.0,20620.0,3342.0,0.01,0.01,0.01,-2211.5,12213.0,-12379.0,377289.0,3342.0,LNE,0
2017-06-30,575472.0,3894.0,8382.0,12321.0,575472.0,-45.0,3894.0,40703.0,3370.0,8382.0,391563.0,8427.0,0.02,555044.0,0.02,508683.0,0.0,-45.0,12321.0,0.02,163481.0,508683.0,163481.0,8382.0,8382.0,8427.0,20428.0,20275.0,8382.0,0.02,0.02,0.02,-2211.5,20428.0,-11477.0,391563.0,8382.0,LNE,0
2017-09-30,675122.0,7806.0,25710.0,33678.0,675122.0,-162.0,7806.0,61549.0,2812.0,25710.0,453423.0,25872.0,0.05,634153.0,0.05,492040.0,0.0,-162.0,33678.0,0.05,180730.0,492040.0,180730.0,25710.0,25710.0,25872.0,40969.0,20580.0,25710.0,0.05,0.05,0.05,-2211.5,40969.0,-10103.0,453423.0,25710.0,LNE,0
2017-12-31,753364.0,7934.0,23641.0,31648.0,753364.0,-73.0,7934.0,58261.0,4650.0,23641.0,529551.0,23714.0,0.05,715858.0,0.05,492233.0,0.12,-73.0,31648.0,0.05,186307.0,492233.0,186307.0,23641.0,23641.0,23714.0,37505.0,20756.0,23641.0,0.05,0.05,0.05,-2211.5,37505.0,-10508.0,529551.0,23641.0,LNE,0
2018-03-31,626510.0,7854.0,19937.0,27737.0,626510.0,54.0,7854.0,53533.0,3459.0,19937.0,416637.0,19883.0,0.04,593208.0,0.04,492040.0,0.0,54.0,27737.0,0.04,176571.0,492040.0,176571.0,19937.0,19937.0,19883.0,33302.0,20231.0,19937.0,0.04,0.04,0.04,-2211.5,33302.0,-9024.0,416637.0,19937.0,LNE,0
2018-06-30,684368.0,6888.0,24665.0,31359.0,684368.0,194.0,6888.0,60862.0,2849.0,24665.0,462469.0,24471.0,0.05,643907.0,0.05,497447.0,0.0,194.0,31359.0,0.05,181438.0,497447.0,181438.0,24665.0,24665.0,24471.0,40461.0,20401.0,24665.0,0.05,0.05,0.05,-2211.5,40461.0,-11951.0,462469.0,24665.0,LNE,0
2018-09-30,726901.0,9808.0,35145.0,44892.0,726901.0,61.0,9808.0,75270.0,3191.0,35145.0,471996.0,35084.0,0.07,672212.0,0.07,492040.0,0.0,61.0,44892.0,0.07,200216.0,492040.0,200216.0,35145.0,35145.0,35084.0,54689.0,20581.0,35145.0,0.07,0.07,0.07,-2211.5,54689.0,-12988.0,471996.0,35145.0,LNE,0
2018-12-31,885533.0,13531.0,37164.0,51003.0,885533.0,-308.0,13531.0,77960.0,4788.0,37164.0,611233.0,37472.0,0.08,828397.0,0.08,492040.0,0.16,-308.0,51003.0,0.08,217164.0,492040.0,217164.0,37164.0,37164.0,37472.0,57136.0,20824.0,37164.0,0.08,0.08,0.08,-2211.5,57136.0,-10922.0,611233.0,37164.0,LNE,0
2019-03-31,597918.0,6326.0,15705.0,22075.0,597918.0,-44.0,6326.0,50688.0,3747.0,15705.0,382048.0,15749.0,0.03,568228.0,0.03,492040.0,0.0,-44.0,22075.0,0.03,186180.0,492040.0,186180.0,15705.0,15705.0,15749.0,29690.0,20998.0,15705.0,0.03,0.03,0.03,-2211.5,29690.0,-11362.0,382048.0,15705.0,LNE,0
2019-06-30,547984.0,-889.0,-16243.0,-17159.0,547984.0,27.0,-889.0,14613.0,3102.0,-16243.0,356767.0,-16270.0,-0.03,556264.0,-0.03,492040.0,0.0,27.0,-17159.0,-0.03,199497.0,492040.0,199497.0,-16243.0,-16243.0,-16270.0,-8280.0,22893.0,-16243.0,-0.03,-0.03,-0.03,-2211.5,-8280.0,-11981.0,356767.0,-16243.0,LNE,0
2019-09-30,715579.0,8260.0,23270.0,31379.0,715579.0,151.0,8260.0,60806.0,2956.0,23270.0,483066.0,23119.0,0.05,677157.0,0.05,492040.0,0.0,151.0,31379.0,0.05,194091.0,492040.0,194091.0,23270.0,23270.0,23119.0,38422.0,22384.0,23270.0,0.05,0.05,0.05,-2211.5,38422.0,-9999.0,483066.0,23270.0,LNE,0
2019-12-31,847380.0,12771.0,49524.0,62182.0,847380.0,113.0,12771.0,89822.0,3105.0,49524.0,552406.0,49412.0,0.1,779313.0,0.1,502854.0,0.14,113.0,62182.0,0.1,226907.0,502854.0,226907.0,49524.0,49524.0,49412.0,68067.0,21755.0,49524.0,0.1,0.1,0.1,-2211.5,68067.0,-8989.0,552406.0,49524.0,LNE,0
2020-03-31,568151.0,4166.0,8847.0,13013.0,568151.0,0.0,3585.0,44683.0,1831.0,8847.0,368513.0,8847.0,0.02,547389.0,0.02,492040.0,0.0,0.0,11197.0,0.02,180692.0,492040.0,180692.0,8847.0,8847.0,7612.0,18946.0,25737.0,7612.0,0.02,0.02,0.02,-2211.5,20762.0,-9580.0,368513.0,8847.0,LNE,0
2020-06-30,484971.0,680.0,-6264.0,-5584.0,484971.0,0.0,680.0,40219.0,1214.0,-6264.0,318484.0,-6264.0,-0.01,481429.0,-0.01,492040.0,0.0,0.0,-5584.0,-0.01,162945.0,492040.0,162945.0,-6264.0,-6264.0,-6264.0,3542.0,36677.0,-6264.0,-0.01,-0.01,-0.01,-2211.5,3542.0,-10340.0,318484.0,-6264.0,LNE,0
2020-09-30,712188.0,5941.0,19455.0,25396.0,712188.0,0.0,5941.0,62503.0,3941.0,19455.0,502321.0,19455.0,0.04,681792.0,0.04,492040.0,0.0,0.0,25396.0,0.04,179471.0,492040.0,179471.0,19455.0,19455.0,19455.0,30396.0,32107.0,19455.0,0.04,0.04,0.04,-2211.5,30396.0,-8941.0,502321.0,19455.0,LNE,0
2020-12-31,646983.0,2872.0,15093.0,17965.0,646983.0,0.0,2872.0,48702.0,5277.0,15093.0,445814.0,15093.0,0.03,625894.0,0.03,492040.0,0.08,0.0,17965.0,0.03,180080.0,492040.0,180080.0,15093.0,15093.0,15093.0,21089.0,27613.0,15093.0,0.03,0.03,0.03,-2211.5,21089.0,-8401.0,445814.0,15093.0,LNE,0
2021-03-31,555217.0,-503.0,-2809.0,-3312.0,555217.0,0.0,-503.0,27110.0,6997.0,-2809.0,396177.0,-2809.0,-0.01,557823.0,-0.01,492040.0,0.0,0.0,-3312.0,-0.01,161646.0,492040.0,161646.0,-2809.0,-2809.0,-2809.0,-2606.0,29716.0,-2809.0,-0.01,-0.01,-0.01,-2211.5,-2606.0,-7703.0,396177.0,-2809.0,LNE,0
2021-06-30,628924.0,1102.0,4683.0,5784.0,628924.0,1.0,1102.0,38762.0,5919.0,4683.0,459891.0,4682.0,0.01,621175.0,0.01,492040.0,0.0,1.0,5784.0,0.01,161284.0,492040.0,161284.0,4683.0,4683.0,4682.0,7749.0,31013.0,4683.0,0.01,0.01,0.01,-2211.5,7749.0,-7884.0,459891.0,4683.0,LNE,0
2021-09-30,664267.0,2409.0,8335.0,10744.0,664267.0,0.0,2409.0,35782.0,11575.0,8335.0,486562.0,8335.0,0.02,656593.0,0.02,492040.0,0.0,0.0,10744.0,0.02,170031.0,492040.0,170031.0,8335.0,8335.0,8335.0,7674.0,28108.0,8335.0,0.02,0.02,0.02,-2211.5,7674.0,-8505.0,486562.0,8335.0,LNE,0
2021-12-31,829422.0,7625.0,33619.0,41246.0,829422.0,-2.0,7625.0,68605.0,12774.0,33619.0,612293.0,33621.0,0.07,794636.0,0.07,492040.0,0.09,-2.0,41246.0,0.07,182343.0,492040.0,182343.0,33619.0,33619.0,33621.0,34786.0,33819.0,33619.0,0.07,0.07,0.07,-2211.5,34786.0,-6314.0,612293.0,33619.0,LNE,0
2022-03-31,804177.0,-1188.0,9603.0,8417.0,804177.0,-2.0,-1188.0,23086.0,18899.0,9603.0,606041.0,9605.0,0.02,811862.0,0.02,492040.0,0.0,-2.0,8417.0,0.02,205821.0,492040.0,205821.0,9603.0,9603.0,9605.0,-7685.0,30771.0,9603.0,0.02,0.02,0.02,-2211.5,-7685.0,-2797.0,606041.0,9603.0,LNE,0
2022-06-30,825721.0,-146.0,10288.0,10142.0,825721.0,0.0,-146.0,45024.0,12933.0,10288.0,625254.0,10288.0,0.02,812666.0,0.02,492040.0,0.0,0.0,10142.0,0.02,187412.0,492040.0,187412.0,10288.0,10288.0,10288.0,13055.0,31969.0,10288.0,0.02,0.02,0.02,-2211.5,13055.0,-15846.0,625254.0,10288.0,LNE,0
2022-09-30,786452.0,3041.0,13639.0,16680.0,786452.0,0.0,3041.0,50637.0,10272.0,13639.0,571107.0,13639.0,0.03,769542.0,0.03,492040.0,0.0,0.0,16680.0,0.03,198435.0,492040.0,198435.0,13639.0,13639.0,13639.0,16910.0,33727.0,13639.0,0.03,0.03,0.03,-2211.5,16910.0,-10502.0,571107.0,13639.0,LNE,0
2022-12-31,803835.0,5613.0,-2112.0,3502.0,803835.0,0.0,5613.0,38965.0,6380.0,-2112.0,595437.0,-2112.0,0.0,794389.0,0.0,492040.0,0.06,0.0,3502.0,0.0,198952.0,492040.0,198952.0,-2112.0,-2112.0,-2112.0,9446.0,29519.0,-2112.0,0.0,0.0,0.0,-2211.5,9446.0,-12324.0,595437.0,-2112.0,LNE,0
2023-03-31,658358.0,-1836.0,-1649.0,-3484.0,658358.0,-1.0,-1836.0,36979.0,3249.0,-1649.0,452520.0,-1648.0,0.0,653506.0,0.0,492040.0,0.0,-1.0,-3484.0,0.0,200986.0,492040.0,200986.0,-1649.0,-1649.0,-1648.0,4852.0,32127.0,-1649.0,0.0,0.0,0.0,-2211.5,4852.0,-11585.0,452520.0,-1649.0,LNE,0
2023-06-30,635953.0,-4696.0,-17884.0,-22582.0,635953.0,2.0,-4696.0,15662.0,3565.0,-17884.0,457857.0,-17886.0,-0.04,652549.0,-0.04,492040.0,0.0,2.0,-22582.0,-0.04,194692.0,492040.0,194692.0,-17884.0,-17884.0,-17886.0,-16596.0,32258.0,-17884.0,-0.04,-0.04,-0.04,-2211.5,-16596.0,-9551.0,457857.0,-17884.0,LNE,0
2023-09-30,682663.0,1215.0,3404.0,4617.0,682663.0,2.0,1215.0,47026.0,2575.0,3404.0,475161.0,3402.0,0.01,669090.0,0.01,492040.0,0.0,2.0,4617.0,0.01,193929.0,492040.0,193929.0,3404.0,3404.0,3402.0,13573.0,33453.0,3404.0,0.01,0.01,0.01,-2211.5,13573.0,-11531.0,475161.0,3404.0,LNE,0
2023-12-31,769928.0,12335.0,-7956.0,4376.0,769928.0,2.0,12335.0,56722.0,3098.0,-7956.0,532166.0,-7958.0,-0.02,746533.0,-0.02,492040.0,0.04,2.0,4376.0,-0.02,214366.0,492040.0,214366.0,-7956.0,-7956.0,-7958.0,23395.0,33327.0,-7956.0,-0.02,-0.02,-0.02,-2211.5,23395.0,-22117.0,532166.0,-7956.0,LNE,0
2024-03-31,554390.0,1034.0,-13424.0,-12390.0,554390.0,0.0,1034.0,26767.0,1853.0,-13424.0,357579.0,-13424.0,-0.03,559643.0,-0.03,492040.0,0.0,0.0,-12390.0,-0.03,202064.0,492040.0,202064.0,-13424.0,-13424.0,-13424.0,-5253.0,32020.0,-13424.0,-0.03,-0.03,-0.03,-2211.5,-5253.0,-8990.0,357579.0,-13424.0,LNE,0
2024-06-30,577866.0,-963.0,-16085.0,-17049.0,577866.0,1.0,-963.0,26346.0,1502.0,-16085.0,388742.0,-16086.0,-0.03,582898.0,-0.03,492040.0,0.0,1.0,-17049.0,-0.03,194156.0,492040.0,194156.0,-16085.0,-16085.0,-16086.0,-5032.0,31378.0,-16085.0,-0.03,-0.03,-0.03,-2211.5,-5032.0,-13519.0,388742.0,-16085.0,LNE,0
2016-03-31,221429.0,-3.0,126281.0,126278.0,221429.0,0.0,-3.0,421118.5,-3173.0,126281.0,42408.0,126281.0,0.14,57784.0,0.14,919555.0,0.0,0.0,126278.0,0.14,18549.0,919555.0,18549.0,126281.0,126281.0,126281.0,163645.0,135252.5,126281.0,0.14,0.14,0.14,-3173.0,163645.0,-37367.0,42408.0,126281.0,SSP,0
2016-06-30,223167.0,16.0,143808.0,143823.0,223167.0,1.0,16.0,421118.5,-22329.0,143808.0,42197.0,143807.0,0.16,42385.0,0.16,919555.0,0.0,1.0,143823.0,0.16,22517.0,919555.0,22517.0,143808.0,143808.0,143807.0,180782.0,135252.5,143808.0,0.16,0.16,0.16,-22329.0,180782.0,-36959.0,42197.0,143808.0,SSP,0
2016-09-30,215410.0,2127.0,115842.0,117610.0,215410.0,359.0,2127.0,185042.0,-6243.0,115842.0,42359.0,115483.0,0.13,60397.0,0.13,919555.0,0.0,359.0,117610.0,0.13,24281.0,919555.0,24281.0,115842.0,115842.0,115483.0,155013.0,30029.0,115842.0,0.13,0.13,0.13,-6243.0,155013.0,-37403.0,42359.0,115842.0,SSP,0
2016-12-31,209166.0,-2146.0,62711.0,59672.0,209166.0,894.0,-2146.0,124094.0,24206.0,62711.0,42067.0,61817.0,0.07,115109.0,0.07,919555.0,0.0,894.0,59672.0,0.07,48836.0,919555.0,48836.0,62711.0,62711.0,61817.0,94057.0,29735.0,62711.0,0.07,0.07,0.07,24206.0,94057.0,-34385.0,42067.0,62711.0,SSP,0
2017-03-31,218102.0,-33.0,102378.0,101665.0,218102.0,680.0,-33.0,421118.5,-327.0,102378.0,41448.0,101698.0,0.11,78295.0,0.11,920503.0,0.0,680.0,101665.0,0.11,37174.0,920503.0,37174.0,102378.0,102378.0,101698.0,139807.0,135252.5,102378.0,0.11,0.11,0.11,-327.0,139807.0,-38142.0,41448.0,102378.0,SSP,0
2017-06-30,229773.0,0.0,110542.0,109635.0,229773.0,907.0,0.0,421118.5,-1282.0,110542.0,41882.0,109635.0,0.12,80926.0,0.12,920553.0,0.0,907.0,109635.0,0.12,40326.0,920553.0,40326.0,110542.0,110542.0,109635.0,148847.0,135252.5,110542.0,0.12,0.12,0.12,-1282.0,148847.0,-39212.0,41882.0,110542.0,SSP,0
2017-09-30,218170.0,8018.0,54104.0,61342.0,218170.0,780.0,8018.0,135339.0,-502.0,54104.0,42132.0,53324.0,0.06,112982.0,0.06,941150.0,0.0,780.0,61342.0,0.06,71352.0,941150.0,71352.0,54104.0,54104.0,53324.0,105188.0,29846.0,54104.0,0.06,0.06,0.06,-502.0,105188.0,-43846.0,42132.0,54104.0,SSP,0
2017-12-31,205657.0,130.0,72808.0,70078.0,205657.0,2860.0,130.0,122607.0,3297.0,72808.0,42147.0,69949.0,0.06,113196.0,0.06,1229648.0,0.15,2860.0,70078.0,0.06,71049.0,1229648.0,71049.0,72808.0,72808.0,69949.0,92461.0,29840.0,72808.0,0.06,0.06,0.06,-5134.0,92461.0,-25680.0,42147.0,72808.0,SSP,0
2018-03-31,221551.0,49.0,106553.0,106041.0,221551.0,561.0,49.0,169102.0,837.0,106553.0,52590.0,105992.0,0.09,89868.0,0.09,1227184.0,0.0,561.0,106041.0,0.09,37278.0,1227184.0,37278.0,106553.0,106553.0,105992.0,131683.0,36207.0,106553.0,0.09,0.09,0.09,-5134.0,131683.0,-26479.0,52590.0,106553.0,SSP,0
2018-06-30,298824.0,-26.0,152779.0,155009.0,298824.0,-2256.0,-26.0,242566.0,2620.0,152779.0,81268.0,155035.0,0.12,110593.0,0.12,1227184.0,0.0,-2256.0,155009.0,0.12,29325.0,1227184.0,29325.0,152779.0,152779.0,155035.0,188231.0,51220.0,152779.0,0.12,0.12,0.12,-5134.0,188231.0,-35842.0,81268.0,152779.0,SSP,0
2018-09-30,291437.0,347.0,118493.0,116786.0,291437.0,2054.0,347.0,214173.0,1382.0,118493.0,87961.0,116439.0,0.1,134587.0,0.1,1227183.0,0.0,2054.0,116786.0,0.1,46626.0,1227183.0,46626.0,118493.0,118493.0,116439.0,156850.0,54140.0,118493.0,0.1,0.1,0.1,-5134.0,156850.0,-41446.0,87961.0,118493.0,SSP,0
2018-12-31,317372.0,1362.0,104202.0,102689.0,317372.0,2875.0,1362.0,208239.0,3361.0,104202.0,120050.0,101326.0,0.08,173654.0,0.08,1227184.0,0.16,2875.0,102689.0,0.08,53603.0,1227184.0,53603.0,104202.0,104202.0,101326.0,143718.0,60681.0,104202.0,0.08,0.08,0.08,-5134.0,143718.0,-44390.0,120050.0,104202.0,SSP,0
2019-03-31,312669.0,-19.0,124025.0,122678.0,312669.0,1328.0,-19.0,229644.0,967.0,124025.0,104094.0,122697.0,0.1,145181.0,0.1,1227186.0,0.0,1328.0,122678.0,0.1,41087.0,1227186.0,41087.0,124025.0,124025.0,122697.0,167488.0,62156.0,124025.0,0.1,0.1,0.1,0.0,167488.0,-45777.0,104094.0,124025.0,SSP,0
2019-06-30,399251.0,9437.0,160454.0,175967.0,399251.0,-6076.0,9437.0,289915.0,3744.0,160454.0,101699.0,166530.0,0.13,178281.0,0.13,1227183.0,0.0,-6076.0,175967.0,0.13,76582.0,1227183.0,76582.0,160454.0,160454.0,166530.0,220970.0,64516.0,160454.0,0.13,0.13,0.13,-5134.0,220970.0,-48747.0,101699.0,160454.0,SSP,0
2019-09-30,396697.0,2078.0,144002.0,154033.0,396697.0,-7953.0,2078.0,299257.0,1850.0,144002.0,132602.0,151955.0,0.12,191783.0,0.12,1227183.0,0.0,-7953.0,154033.0,0.12,59181.0,1227183.0,59181.0,144002.0,144002.0,151955.0,204914.0,87175.0,144002.0,0.12,0.12,0.12,-5134.0,204914.0,-52731.0,132602.0,144002.0,SSP,0
2019-12-31,365364.0,838.0,117196.0,116274.0,365364.0,1759.0,838.0,257251.0,5849.0,117196.0,137394.0,115437.0,0.1,200279.0,0.1,1227186.0,0.08,1759.0,116274.0,0.1,62323.0,1227186.0,62323.0,117196.0,117196.0,115437.0,165085.0,85398.0,117196.0,0.1,0.1,0.1,562.0,165085.0,-54097.0,137394.0,117196.0,SSP,0
2020-03-31,395246.0,3211.0,216949.0,217690.0,395246.0,2470.0,3211.0,404095.0,-61618.0,216949.0,138440.0,214479.0,0.18,116637.0,0.18,1227186.0,0.0,2470.0,217690.0,0.18,39815.0,1227186.0,39815.0,216949.0,216949.0,214479.0,278609.0,125486.0,216949.0,0.18,0.18,0.18,-61618.0,278609.0,-60919.0,138440.0,216949.0,SSP,0
2020-06-30,650638.0,4732.0,188099.0,210909.0,650638.0,-18078.0,4732.0,395853.0,46596.0,188099.0,258358.0,206177.0,0.12,354508.0,0.12,1240664.0,0.0,-18078.0,210909.0,0.12,41816.0,1240664.0,41816.0,150058.0,150058.0,206177.0,303868.0,91985.0,150058.0,0.12,0.12,0.12,46596.0,296130.0,-85221.0,258358.0,150058.0,SSP,0
2020-09-30,617170.0,8791.0,239854.0,257446.0,617170.0,-8801.0,8791.0,494130.0,-5134.0,239854.0,254418.0,248655.0,0.19,279039.0,0.19,1227184.0,0.0,-8801.0,257446.0,0.19,55760.0,1227184.0,55760.0,227534.0,227534.0,248655.0,312126.0,182004.0,227534.0,0.19,0.19,0.19,-5134.0,338131.0,-80685.0,254418.0,227534.0,SSP,0
2020-12-31,503415.0,5776.0,150098.0,160572.0,503415.0,-4698.0,5776.0,349778.0,-5348.0,150098.0,233700.0,154796.0,0.12,258369.0,0.12,1227184.0,0.01,-4698.0,160572.0,0.12,58936.0,1227184.0,58936.0,141753.0,141753.0,154796.0,216127.0,133651.0,141753.0,0.12,0.12,0.12,-5348.0,245046.0,-84474.0,233700.0,141753.0,SSP,0
2021-03-31,557706.0,11424.0,198296.0,215082.0,557706.0,-5362.0,11424.0,438142.0,-16239.0,198296.0,236127.0,203658.0,0.13,256418.0,0.13,1434561.0,0.0,-5362.0,215082.0,0.13,36530.0,1434561.0,36530.0,183091.0,183091.0,203658.0,301288.0,136854.0,183091.0,0.13,0.13,0.13,-16239.0,301288.0,-86206.0,236127.0,183091.0,SSP,0
2021-06-30,629241.0,16677.0,255214.0,284530.0,629241.0,-12639.0,16677.0,497956.0,-12817.0,255214.0,244701.0,267853.0,0.19,272672.0,0.19,1240125.0,0.0,-12639.0,284530.0,0.19,40788.0,1239491.0,40788.0,240362.0,240362.0,267853.0,356569.0,141387.0,240362.0,0.19,0.19,0.19,-12817.0,356569.0,-72039.0,244701.0,240362.0,SSP,0
2021-09-30,681750.0,20329.0,286504.0,319939.0,681750.0,-13106.0,20329.0,544292.0,-3096.0,286504.0,278016.0,299610.0,0.23,271972.0,0.23,1236284.0,0.0,-13106.0,319939.0,0.23,74111.0,1227182.0,74111.0,286504.0,286504.0,299610.0,332719.0,196078.0,286504.0,0.23,0.23,0.23,-3096.0,409778.0,-89839.0,278016.0,286504.0,SSP,0
2021-12-31,728359.0,16860.0,149054.0,175208.0,728359.0,-9294.0,16860.0,522065.0,-11751.0,149054.0,345081.0,158348.0,0.12,447923.0,0.12,1253237.0,0.01,-9294.0,175208.0,0.12,92037.0,1243839.0,92037.0,149054.0,149054.0,158348.0,302992.0,203821.0,149054.0,0.12,0.12,0.12,-11751.0,280436.0,-105229.0,345081.0,149054.0,SSP,0
2022-03-31,855048.0,5033.0,256773.0,290917.0,855048.0,-29111.0,5033.0,649509.0,-3437.0,256773.0,351309.0,285884.0,0.17,444634.0,0.17,1483303.0,0.0,-29111.0,290917.0,0.17,96762.0,1482897.0,96762.0,256773.0,256773.0,285884.0,410414.0,239095.0,256773.0,0.17,0.17,0.17,-3437.0,410414.0,-119497.0,351309.0,256773.0,SSP,0
2022-06-30,1173093.0,-2873.0,641090.0,653154.0,1173093.0,-14937.0,-2873.0,999549.0,-3042.0,641090.0,344458.0,656027.0,0.47,415089.0,0.47,1373826.0,0.18,-14937.0,653154.0,0.47,73673.0,1373826.0,73673.0,641090.0,641090.0,656027.0,758004.0,241545.0,641090.0,0.47,0.47,0.47,-3042.0,758004.0,-104850.0,344458.0,641090.0,SSP,0
2022-09-30,739900.0,18426.0,263836.0,293301.0,739900.0,-11039.0,18426.0,640357.0,-64458.0,263836.0,324745.0,274875.0,0.19,325392.0,0.19,1373826.0,0.0,-11039.0,293301.0,0.19,65105.0,1373826.0,65105.0,263836.0,263836.0,274875.0,414508.0,225849.0,263836.0,0.19,0.19,0.19,-64458.0,414508.0,-121207.0,324745.0,263836.0,SSP,0
2022-12-31,714665.0,19479.0,131282.0,134438.0,714665.0,16323.0,19479.0,465851.0,26512.0,131282.0,335593.0,114959.0,0.1,454256.0,0.1,1374306.0,0.06,16323.0,134438.0,0.1,92151.0,1373900.0,92151.0,131282.0,131282.0,114959.0,260409.0,191488.0,131282.0,0.1,0.1,0.1,26512.0,260409.0,-125971.0,335593.0,131282.0,SSP,0
2023-03-31,761263.0,18905.0,239614.0,268339.0,761263.0,-9820.0,19002.0,582013.0,-14366.0,239614.0,312158.0,249434.0,0.18,394401.0,0.17,1373826.0,0.0,-9820.0,269719.0,0.17,96609.0,1373826.0,96609.0,239614.0,239614.0,250717.0,368242.0,213771.0,240897.0,0.17,0.17,0.18,-14366.0,366862.0,-98523.0,312158.0,239614.0,SSP,0
2023-06-30,762131.0,31758.0,228093.0,259384.0,762131.0,467.0,31758.0,610304.0,-13786.0,228093.0,315266.0,227626.0,0.17,366946.0,0.17,1373826.0,0.0,467.0,259384.0,0.17,65466.0,1373826.0,65466.0,228093.0,228093.0,227626.0,395185.0,215119.0,228093.0,0.17,0.17,0.17,-13786.0,395185.0,-135801.0,315266.0,228093.0,SSP,0
2023-09-30,810459.0,21343.0,218746.0,245378.0,810459.0,-5289.0,21343.0,611110.0,-16711.0,218746.0,349898.0,224035.0,0.16,405838.0,0.16,1373826.0,0.0,-5289.0,245378.0,0.16,72651.0,1373826.0,72651.0,218746.0,218746.0,224035.0,404621.0,192845.0,218746.0,0.16,0.16,0.16,-16711.0,404621.0,-159243.0,349898.0,218746.0,SSP,0
2023-12-31,756256.0,18222.0,125895.0,147638.0,756256.0,-3522.0,18222.0,465932.0,12300.0,125895.0,368232.0,129417.0,0.09,504156.0,0.09,1373824.0,0.1,-3522.0,147638.0,0.09,123624.0,1373824.0,123624.0,125895.0,125895.0,129417.0,252100.0,200228.0,125895.0,0.09,0.09,0.09,12300.0,252100.0,-104462.0,368232.0,125895.0,SSP,0
2024-03-31,823075.0,16743.0,204224.0,243050.0,823075.0,-22083.0,16779.0,596177.0,-41828.0,204224.0,356392.0,226307.0,0.15,445095.0,0.15,1331993.0,0.0,-22083.0,243566.0,0.15,130531.0,1331993.0,130531.0,204224.0,204224.0,226787.0,378496.0,199899.0,204704.0,0.15,0.15,0.15,-41828.0,377980.0,-134930.0,356392.0,204224.0,SSP,0
2024-06-30,816093.0,22784.0,122667.0,126510.0,816093.0,18941.0,23020.0,599690.0,-12454.0,122667.0,409235.0,103726.0,0.1,481651.0,0.1,1289387.0,0.0,18941.0,127823.0,0.1,84870.0,1289387.0,84870.0,122667.0,122667.0,104803.0,335755.0,220475.0,123744.0,0.1,0.1,0.1,-12454.0,334442.0,-207932.0,409235.0,122667.0,SSP,0
2004-03-31,39357.0,1443.0,2027.0,3006.0,39357.0,464.0,1443.0,3959.0,-511.0,2027.0,31250.0,1563.0,0.04,36351.0,0.04,50000.0,0.0,464.0,3006.0,0.04,5421.0,50000.0,5421.0,2027.0,2027.0,1563.0,3197.0,762.0,2027.0,0.04,0.04,0.04,-511.0,3006.0,-64095.5,31250.0,2027.0,SPCG,0
2004-06-30,47451.0,2106.0,4737.0,6796.0,47451.0,47.0,2106.0,556015.5,-601.0,4737.0,35655.0,4690.0,0.09,40655.0,0.09,50549.0,0.0,47.0,6796.0,0.09,5460.0,50549.0,5460.0,4737.0,4737.0,4690.0,6937.0,146774.0,4737.0,0.09,0.09,0.09,-601.0,6796.0,-64095.5,35655.0,4737.0,SPCG,0
2004-09-30,58844.0,2500.0,6182.0,10135.0,58844.0,-1453.0,2500.0,556015.5,-730.0,6182.0,42941.0,7635.0,0.12,48709.0,0.12,50000.0,0.0,-1453.0,10135.0,0.12,6353.0,50000.0,6353.0,6182.0,6182.0,7635.0,10280.0,146774.0,6182.0,0.12,0.12,0.12,-730.0,10135.0,-64095.5,42941.0,6182.0,SPCG,0
2004-12-31,78296.0,2814.0,6193.0,9007.0,78296.0,0.0,2814.0,12646.0,-694.0,6193.0,63074.0,6193.0,0.12,69289.0,0.12,50000.0,0.0,0.0,9007.0,0.12,6717.0,50000.0,6717.0,6193.0,6193.0,6193.0,9199.0,3447.0,6193.0,0.12,0.12,0.12,-694.0,9007.0,-64095.5,63074.0,6193.0,SPCG,0
2005-03-31,77863.0,2792.0,5370.0,8162.0,77863.0,-53565.0,2792.0,9375.0,-415.0,5370.0,59796.0,5370.0,0.11,69701.0,0.11,50000.0,0.0,-53565.0,8162.0,0.11,10029.0,50000.0,10029.0,5370.0,5370.0,5370.0,8453.0,922.0,5370.0,0.11,0.11,0.11,-415.0,8162.0,-64095.5,59796.0,5370.0,SPCG,0
2005-06-30,74750.0,758.0,2084.0,2842.0,74750.0,-53565.0,758.0,4308.0,-676.0,2084.0,64371.0,2084.0,0.04,71908.0,0.04,50000.0,0.0,-53565.0,2842.0,0.04,7729.0,50000.0,7729.0,2084.0,2084.0,2084.0,3326.0,982.0,2084.0,0.04,0.04,0.04,-676.0,2842.0,-64095.5,64371.0,2084.0,SPCG,0
2005-09-30,107108.0,3317.0,7564.0,10881.0,107108.0,-53565.0,3317.0,12595.0,-626.0,7564.0,89078.0,7564.0,0.15,96227.0,0.15,50000.0,0.0,-53565.0,10881.0,0.15,7329.0,50000.0,7244.0,7564.0,7564.0,7564.0,11327.0,1268.0,7564.0,0.15,0.15,0.15,-626.0,10881.0,-64095.5,89078.0,7564.0,SPCG,0
2005-12-31,65596.0,-95.0,1869.0,1774.0,65596.0,0.0,-95.0,3410.0,-574.0,1869.0,56288.0,1869.0,0.04,63822.0,0.04,50000.0,0.22,0.0,1774.0,0.04,7730.0,50000.0,7730.0,1869.0,1869.0,1869.0,2152.0,1258.0,1869.0,0.04,0.04,0.04,-574.0,1774.0,-64095.5,56288.0,1869.0,SPCG,0
2006-03-31,87019.0,1506.0,5816.0,7322.0,87019.0,-53565.0,1506.0,8650.0,-616.0,5816.0,72053.0,5816.0,0.12,79697.0,0.12,50000.0,0.0,-53565.0,7322.0,0.12,8133.0,50000.0,7436.0,5816.0,5816.0,5816.0,7449.0,1201.0,5816.0,0.12,0.12,0.12,-616.0,7322.0,-64095.5,72053.0,5816.0,SPCG,0
2006-06-30,87740.0,2345.0,8286.0,10631.0,87740.0,-53565.0,2345.0,12076.0,-927.0,8286.0,68168.0,8286.0,0.17,77109.0,0.17,50000.0,0.2,-53565.0,10631.0,0.17,9716.0,50000.0,9716.0,8286.0,8286.0,8286.0,10783.0,1293.0,8286.0,0.17,0.17,0.17,-927.0,10631.0,-64095.5,68168.0,8286.0,SPCG,0
2006-09-30,91619.0,2342.0,7788.0,10130.0,91619.0,-53565.0,2342.0,11566.0,-751.0,7788.0,72622.0,7788.0,0.16,81489.0,0.16,50000.0,0.0,-53565.0,10130.0,0.16,9483.0,50000.0,9443.0,7788.0,7788.0,7788.0,10265.0,1301.0,7788.0,0.16,0.16,0.16,-751.0,10130.0,-64095.5,72622.0,7788.0,SPCG,0
2006-12-31,94523.0,992.0,4087.0,5079.0,94523.0,-53565.0,992.0,6494.0,-830.0,4087.0,81125.0,4087.0,0.08,89444.0,0.08,50000.0,0.2,-53565.0,5079.0,0.08,9003.0,50000.0,8232.0,4087.0,4087.0,4087.0,5225.0,1269.0,4087.0,0.08,0.08,0.08,-830.0,5079.0,-64095.5,81125.0,4087.0,SPCG,0
2007-03-31,77837.0,686.0,1460.0,2146.0,77837.0,-53565.0,686.0,4039.0,-997.0,1460.0,66904.0,1460.0,0.03,75691.0,0.03,50000.0,0.0,-53565.0,2146.0,0.03,9583.0,50000.0,10916.0,1460.0,1460.0,1460.0,2347.0,1635.0,1460.0,0.03,0.03,0.03,-997.0,2146.0,-64095.5,66904.0,1460.0,SPCG,0
2007-06-30,62000.0,466.0,1575.0,2041.0,62000.0,-53565.0,466.0,4026.0,-1283.0,1575.0,52340.0,1575.0,0.03,59959.0,0.03,50549.0,0.05,-53565.0,2041.0,0.03,8652.0,50549.0,7319.0,1575.0,1575.0,1575.0,2291.0,1678.0,1575.0,0.03,0.03,0.03,-1283.0,2041.0,-64095.5,52340.0,1575.0,SPCG,0
2007-09-30,79282.0,659.0,1913.0,2572.0,79282.0,-53565.0,659.0,4414.0,-757.0,1913.0,68925.0,1913.0,0.04,76710.0,0.04,50000.0,0.0,-53565.0,2572.0,0.04,8413.0,50000.0,8413.0,1913.0,1913.0,1913.0,2701.0,1657.0,1913.0,0.04,0.04,0.04,-757.0,2572.0,-64095.5,68925.0,1913.0,SPCG,0
2007-12-31,75966.0,1000.0,3073.0,4073.0,75966.0,-53565.0,1000.0,5906.0,-598.0,3073.0,64560.0,3073.0,0.06,71893.0,0.06,50000.0,0.15,-53565.0,4073.0,0.06,7815.0,50000.0,7815.0,3073.0,3073.0,3073.0,4189.0,1652.0,3073.0,0.06,0.06,0.06,-598.0,4073.0,-64095.5,64560.0,3073.0,SPCG,0
2008-03-31,85800.0,1382.0,4294.0,5676.0,85800.0,-53565.0,1382.0,7979.0,-982.0,4294.0,70081.0,4294.0,0.09,80124.0,0.09,50000.0,0.0,-53565.0,5676.0,0.09,10702.0,50000.0,8065.0,4294.0,4294.0,4294.0,5999.0,1968.0,4294.0,0.09,0.09,0.09,-982.0,5676.0,-64095.5,70081.0,4294.0,SPCG,0
2008-06-30,93171.0,1962.0,6999.0,8961.0,93171.0,-53565.0,1962.0,11532.0,-565.0,6999.0,73714.0,6999.0,0.14,84210.0,0.14,50000.0,0.15,-53565.0,8961.0,0.14,10665.0,50000.0,7637.0,6999.0,6999.0,6999.0,9357.0,2164.0,6999.0,0.14,0.14,0.14,-565.0,8961.0,-64095.5,73714.0,6999.0,SPCG,0
2008-09-30,80446.0,1782.0,6151.0,7933.0,80446.0,-53565.0,1782.0,10629.0,-1022.0,6151.0,61962.0,6151.0,0.12,72513.0,0.12,50000.0,0.0,-53565.0,7933.0,0.12,11092.0,50000.0,8788.0,6151.0,6151.0,6151.0,8414.0,2203.0,6151.0,0.12,0.12,0.12,-1022.0,7933.0,-64095.5,61962.0,6151.0,SPCG,0
2008-12-31,100704.0,1140.0,2722.0,3862.0,100704.0,-53565.0,1140.0,6574.0,-684.0,2722.0,87001.0,2722.0,0.05,96842.0,0.05,50000.0,0.12,-53565.0,3862.0,0.05,10018.0,50000.0,6291.0,2722.0,2722.0,2722.0,4369.0,2186.0,2722.0,0.05,0.05,0.05,-684.0,3862.0,-64095.5,87001.0,2722.0,SPCG,0
2009-03-31,62893.0,0.0,-3292.0,-3292.0,62893.0,-53565.0,0.0,-750.0,-855.0,-3292.0,58085.0,-3292.0,-0.07,66185.0,-0.07,50000.0,0.0,-53565.0,-3292.0,-0.07,8562.0,50000.0,5895.0,-3292.0,-3292.0,-3292.0,-2899.0,2120.0,-3292.0,-0.07,-0.07,-0.07,-855.0,-3292.0,-64095.5,58085.0,-3292.0,SPCG,0
2009-06-30,66287.0,0.0,-344.0,-344.0,66287.0,-53565.0,0.0,2358.0,-554.0,-344.0,56634.0,-344.0,-0.01,66631.0,-0.01,50000.0,0.05,-53565.0,-344.0,-0.01,9979.0,50000.0,6721.0,-344.0,-344.0,-344.0,228.0,2099.0,-344.0,-0.01,-0.01,-0.01,-554.0,-344.0,-64095.5,56634.0,-344.0,SPCG,0
2009-09-30,97986.0,1384.0,7402.0,8786.0,97986.0,-53565.0,1384.0,11257.0,-556.0,7402.0,80036.0,7402.0,0.15,89200.0,0.15,50000.0,0.2,-53565.0,8786.0,0.15,9315.0,50000.0,7458.0,7402.0,7402.0,7402.0,9191.0,2038.0,7402.0,0.15,0.15,0.15,-556.0,8786.0,-64095.5,80036.0,7402.0,SPCG,0
2009-12-31,65960.0,197.0,-62.0,135.0,65960.0,-53565.0,197.0,2555.0,-684.0,-62.0,54020.0,-62.0,0.0,65825.0,0.0,50000.0,0.0,-53565.0,135.0,0.0,12132.0,50000.0,9056.0,-62.0,-62.0,-62.0,492.0,2033.0,-62.0,0.0,0.0,0.0,-684.0,135.0,-64095.5,54020.0,-62.0,SPCG,0
2010-03-31,89789.0,960.0,3423.0,4383.0,89789.0,-53565.0,960.0,6865.0,-1060.0,3423.0,74532.0,3423.0,0.07,85406.0,0.07,50000.0,0.05,-53565.0,4383.0,0.07,11473.0,50000.0,9002.0,3423.0,3423.0,3423.0,4844.0,1988.0,3423.0,0.07,0.07,0.07,-1060.0,4383.0,-64095.5,74532.0,3423.0,SPCG,0
2010-06-30,72331.0,551.0,855.0,1406.0,72331.0,-53565.0,551.0,3950.0,-442.0,855.0,59683.0,855.0,0.02,70925.0,0.02,50000.0,0.0,-53565.0,1406.0,0.02,11278.0,50000.0,8760.0,855.0,855.0,855.0,1812.0,2106.0,855.0,0.02,0.02,0.02,-442.0,1406.0,-64095.5,59683.0,855.0,SPCG,0
2010-09-30,74690.0,871.0,1270.0,2141.0,74690.0,-53565.0,871.0,4435.0,-808.0,1270.0,61235.0,1270.0,0.03,72549.0,0.03,50000.0,0.0,-53565.0,2141.0,0.03,11802.0,50000.0,9290.0,1270.0,1270.0,1270.0,2461.0,1941.0,1270.0,0.03,0.03,0.03,-808.0,2141.0,-64095.5,61235.0,1270.0,SPCG,0
2010-12-31,74625.0,1154.0,3425.0,4579.0,74625.0,-53565.0,1154.0,7004.0,-2509.0,3425.0,59795.0,3425.0,0.07,70046.0,0.07,50000.0,0.0,-53565.0,4579.0,0.07,12470.0,50000.0,9244.0,3425.0,3425.0,3425.0,4870.0,2102.0,3425.0,0.07,0.07,0.07,-2509.0,4579.0,-64095.5,59795.0,3425.0,SPCG,0
2011-03-31,39434.0,5292.0,-3214.0,4589.0,39434.0,-2511.0,5292.0,23963.0,-495.0,-3214.0,9205.0,-703.0,-0.01,34845.0,-0.01,436667.0,0.0,-2511.0,4589.0,-0.01,16012.0,436667.0,16012.0,-3214.0,-3214.0,-703.0,14712.0,9231.0,-3214.0,-0.01,-0.01,-0.01,-495.0,4589.0,-64095.5,9205.0,-3214.0,SPCG,0
2011-06-30,166578.0,14133.0,-15495.0,-702.0,166578.0,-660.0,14133.0,60004.0,-2462.0,-15495.0,100068.0,-14835.0,-0.03,142510.0,-0.03,500000.0,0.0,-660.0,-702.0,-0.03,26592.0,500000.0,21326.0,-15495.0,-15495.0,-14835.0,42380.0,17571.0,-15495.0,-0.03,-0.03,-0.03,-2462.0,24068.0,-24770.0,100068.0,-15495.0,SPCG,0
2011-09-30,165954.0,3112.0,3253.0,8953.0,165954.0,-2588.0,3112.0,56852.0,-2150.0,3253.0,98918.0,5841.0,0.01,161312.0,0.01,500000.0,0.0,-2588.0,8953.0,0.01,32844.0,500000.0,26681.0,3253.0,3253.0,5841.0,36342.0,20453.0,3253.0,0.01,0.01,0.01,-2150.0,4642.0,4311.0,98918.0,3253.0,SPCG,0
2011-12-31,206598.0,10059.0,3669.0,33738.0,206598.0,-20010.0,10059.0,104734.0,-2615.0,3669.0,65414.0,23679.0,0.01,172860.0,0.01,515661.0,0.0,-20010.0,33738.0,0.01,67458.0,515661.0,67458.0,3669.0,3669.0,23679.0,76341.0,28329.0,3669.0,0.01,0.01,0.01,-2615.0,33738.0,-64095.5,65414.0,3669.0,SPCG,0
2012-03-31,207286.0,7558.0,11351.0,39243.0,207286.0,-20334.0,7558.0,110727.0,-6610.0,11351.0,87560.0,31685.0,0.02,168043.0,0.02,524396.0,0.0,-20334.0,39243.0,0.02,45936.0,524396.0,45936.0,11351.0,11351.0,31685.0,80400.0,30234.0,11351.0,0.02,0.02,0.02,-6610.0,39243.0,-64095.5,87560.0,11351.0,SPCG,0
2012-06-30,262090.0,18520.0,3832.0,52394.0,262090.0,-30042.0,18520.0,139378.0,-15219.0,3832.0,109681.0,33874.0,0.01,209696.0,0.01,560000.0,0.0,-30042.0,52394.0,0.01,68117.0,560000.0,68117.0,3832.0,3832.0,33874.0,99511.0,39760.0,3832.0,0.01,0.01,0.01,-15219.0,52394.0,-64095.5,109681.0,3832.0,SPCG,0
2012-09-30,311063.0,2171.0,21309.0,57620.0,311063.0,-34140.0,2171.0,163783.0,-18791.0,21309.0,140801.0,55449.0,0.04,253443.0,0.04,560000.0,0.0,-34140.0,57620.0,0.04,71088.0,560000.0,71088.0,21309.0,21309.0,55449.0,117965.0,45572.0,21309.0,0.04,0.04,0.04,-18791.0,57620.0,-64095.5,140801.0,21309.0,SPCG,0
2012-12-31,433918.0,-98.0,17575.0,59663.0,433918.0,-42186.0,-98.0,189506.0,-20473.0,17575.0,229579.0,59761.0,0.03,374255.0,0.03,560067.0,0.0,-42186.0,59663.0,0.03,82149.0,560067.0,82149.0,17575.0,17575.0,59761.0,142663.0,46578.0,17575.0,0.03,0.03,0.03,-20473.0,59663.0,-64095.5,229579.0,17575.0,SPCG,0
2013-03-31,522652.0,49363.0,95226.0,186376.0,522652.0,-41787.0,49363.0,366291.0,-34531.0,95226.0,182902.0,137013.0,0.17,336276.0,0.17,560000.0,0.0,-41787.0,186376.0,0.17,79760.0,560000.0,79760.0,95226.0,95226.0,137013.0,294521.0,71542.0,95226.0,0.17,0.17,0.17,-34531.0,186376.0,-64095.5,182902.0,95226.0,SPCG,0
2013-06-30,548013.0,6653.0,108632.0,156866.0,548013.0,-41581.0,6653.0,279781.0,32229.0,108632.0,177855.0,150213.0,0.13,391147.0,0.13,792624.0,0.0,-41581.0,156866.0,0.17,136974.0,662157.0,138054.0,108632.0,108632.0,150213.0,200955.0,78542.0,108632.0,0.13,0.17,0.17,32229.0,156866.0,-64095.5,177855.0,108632.0,SPCG,0
2013-09-30,625933.0,4576.0,96892.0,132361.0,625933.0,-30893.0,4576.0,372831.0,-1434.0,96892.0,206524.0,127785.0,0.14,493572.0,0.14,697065.0,0.0,-30893.0,132361.0,0.15,143245.0,631413.0,143623.0,96892.0,96892.0,127785.0,277598.0,94871.0,96892.0,0.14,0.15,0.15,-1434.0,132361.0,-64095.5,206524.0,96892.0,SPCG,0
2013-12-31,776266.0,3880.0,198571.0,232825.0,776266.0,-30374.0,3880.0,522723.0,73921.0,198571.0,238958.0,228945.0,0.23,543441.0,0.23,867126.0,0.0,-30374.0,232825.0,0.23,41822.0,867126.0,41822.0,198571.0,198571.0,228945.0,421565.0,100780.0,198571.0,0.23,0.23,0.23,73921.0,232825.0,-64095.5,238958.0,198571.0,SPCG,0
2014-03-31,819120.0,-10216.0,270054.0,309168.0,819120.0,-49330.0,-10366.0,616598.0,-1732.0,270054.0,222371.0,319384.0,0.32,509952.0,0.32,839991.0,0.0,-49330.0,308739.0,0.32,90474.0,839991.0,90474.0,270054.0,270054.0,319105.0,508007.0,107604.0,269775.0,0.32,0.32,0.32,-1732.0,309168.0,-64095.5,222371.0,270054.0,SPCG,0
2014-06-30,1005275.0,-25300.0,384056.0,397695.0,1005275.0,-38939.0,-25354.0,797654.0,-940.0,384056.0,250353.0,422995.0,0.46,607580.0,0.46,839991.0,0.4,-38939.0,397542.0,0.46,95492.0,839991.0,95492.0,384056.0,384056.0,422896.0,660370.0,136248.0,383957.0,0.46,0.46,0.46,-940.0,397695.0,-64095.5,250353.0,384056.0,SPCG,0
2014-09-30,1166656.0,36735.0,397377.0,499598.0,1166656.0,-65486.0,36735.0,902658.0,-5573.0,397377.0,327043.0,462863.0,0.44,667058.0,0.44,905729.0,0.0,-65486.0,499598.0,0.44,105176.0,905729.0,105176.0,397377.0,397377.0,462863.0,740010.0,161298.0,397377.0,0.44,0.44,0.44,-5573.0,499598.0,-64095.5,327043.0,397377.0,SPCG,0
2014-12-31,1366078.0,-10880.0,604123.0,673811.0,1366078.0,-80568.0,-11084.0,1074006.0,-5370.0,604123.0,367552.0,684691.0,0.65,692267.0,0.65,924933.0,0.45,-80568.0,673227.0,0.65,92376.0,924497.0,92376.0,604123.0,604123.0,684311.0,911520.0,161121.0,603743.0,0.65,0.65,0.65,-5370.0,673811.0,-64095.5,367552.0,604123.0,SPCG,0
2015-03-31,1356613.0,-5437.0,557724.0,625028.0,1356613.0,-72741.0,-5785.0,1009306.0,-760.0,557724.0,437475.0,630465.0,0.6,731585.0,0.6,923990.0,0.0,-72741.0,624033.0,0.6,69241.0,923990.0,69241.0,557724.0,557724.0,629818.0,850657.0,157300.0,557077.0,0.6,0.6,0.6,-760.0,625028.0,-64095.5,437475.0,557724.0,SPCG,0
2015-06-30,1242199.0,-68535.0,671833.0,681438.0,1242199.0,-78140.0,-68669.0,1046289.0,-6451.0,671833.0,292826.0,749973.0,0.73,560761.0,0.73,923990.0,0.0,-78140.0,681054.0,0.73,69768.0,923990.0,69768.0,671833.0,671833.0,749723.0,886056.0,158880.0,671583.0,0.73,0.73,0.73,-6451.0,681438.0,-64095.5,292826.0,671833.0,SPCG,0
2015-09-30,1114539.0,-5545.0,472788.0,537163.0,1114539.0,-69920.0,-5545.0,913739.0,-765.0,472788.0,295631.0,542708.0,0.51,577376.0,0.51,923990.0,0.44,-69920.0,537163.0,0.51,68064.0,923990.0,68064.0,472788.0,472788.0,542708.0,751609.0,160751.0,472788.0,0.51,0.51,0.51,-765.0,537163.0,-64095.5,295631.0,472788.0,SPCG,0
2015-12-31,1286706.0,7742.0,487820.0,549617.0,1286706.0,-54055.0,7731.0,912294.0,3922.0,487820.0,333452.0,541875.0,0.53,737089.0,0.53,923990.0,0.81,-54055.0,548862.0,0.53,199087.0,923990.0,199087.0,487820.0,487820.0,541131.0,750245.0,160485.0,487076.0,0.53,0.53,0.53,3922.0,549617.0,-64095.5,333452.0,487820.0,SPCG,0
2016-03-31,1221954.0,-753.0,610278.0,689636.0,1221954.0,-80111.0,-753.0,1038210.0,-2463.0,610278.0,286814.0,690389.0,0.66,338147.0,0.66,923990.0,0.0,-80111.0,689636.0,0.66,59486.0,923990.0,59486.0,610278.0,610278.0,690389.0,878117.0,160093.0,610278.0,0.66,0.66,0.66,-2463.0,883807.0,-194171.0,286814.0,610278.0,SPCG,0
2016-06-30,1206314.0,-2293.0,571006.0,646890.0,1206314.0,-78177.0,-2664.0,966206.0,-1525.0,571006.0,335424.0,649183.0,0.62,373135.0,0.62,923990.0,0.4,-78177.0,645830.0,0.62,66221.0,923990.0,66221.0,571006.0,571006.0,648494.0,806194.0,160012.0,570317.0,0.62,0.62,0.62,-1525.0,833179.0,-186289.0,335424.0,571006.0,SPCG,0
2016-09-30,1227240.0,1696.0,503401.0,572160.0,1227240.0,-67063.0,1696.0,910958.0,-2407.0,503401.0,425330.0,570464.0,0.54,466508.0,0.54,923990.0,0.0,-67063.0,572157.0,0.54,55248.0,923990.0,55248.0,503401.0,503401.0,570461.0,749069.0,161889.0,503398.0,0.54,0.54,0.54,-2407.0,760732.0,-188572.0,425330.0,503401.0,SPCG,0
2016-12-31,1792588.0,10804.0,629524.0,718235.0,1792588.0,-77907.0,10804.0,1015856.0,-4126.0,629524.0,872150.0,707431.0,0.68,898168.0,0.68,923990.0,0.7,-77907.0,718235.0,0.68,70880.0,923990.0,70880.0,629524.0,629524.0,707431.0,853684.0,162172.0,629524.0,0.68,0.68,0.68,-4126.0,894420.0,-176185.0,872150.0,629524.0,SPCG,0
2017-03-31,1267680.0,14.0,675336.0,756772.0,1267680.0,-81422.0,14.0,1039596.0,-1395.0,675336.0,324118.0,756758.0,0.73,353470.0,0.73,923990.0,0.0,-81422.0,756772.0,0.73,63113.0,923990.0,63113.0,675336.0,675336.0,756758.0,881844.0,157752.0,675336.0,0.73,0.73,0.73,-1395.0,914210.0,-157438.0,324118.0,675336.0,SPCG,0
2017-06-30,1249105.0,14102.0,581370.0,672566.0,1249105.0,-77094.0,14102.0,961551.0,-1462.0,581370.0,385229.0,658464.0,0.63,418658.0,0.63,934144.0,0.5,-77094.0,672566.0,0.63,61463.0,934144.0,61463.0,581370.0,581370.0,658464.0,803875.0,157676.0,581370.0,0.63,0.63,0.63,-1462.0,830447.0,-157881.0,385229.0,581370.0,SPCG,0
2017-09-30,1211961.0,14084.0,544690.0,624368.0,1211961.0,-65594.0,14084.0,921911.0,-1101.0,544690.0,394227.0,610284.0,0.59,434440.0,0.59,923990.0,0.0,-65594.0,624368.0,0.59,60619.0,923990.0,60619.0,544690.0,544690.0,610284.0,758216.0,163695.0,544690.0,0.59,0.59,0.59,-1101.0,777521.0,-153153.0,394227.0,544690.0,SPCG,0
2017-12-31,2279607.0,36579.0,722929.0,833178.0,2279607.0,-73670.0,36579.0,1117891.0,-3038.0,722929.0,1199902.0,796599.0,0.78,1296731.0,0.78,923990.0,0.65,-73670.0,833178.0,0.78,128533.0,923990.0,128533.0,722929.0,722929.0,796599.0,954210.0,163681.0,722929.0,0.78,0.78,0.78,-3038.0,982876.0,-149698.0,1199902.0,722929.0,SPCG,0
2018-03-31,1516623.0,21198.0,700841.0,801430.0,1516623.0,-79391.0,21198.0,1080232.0,-44115.0,700841.0,567711.0,780232.0,0.74,585465.0,0.74,948990.0,0.0,-79391.0,801430.0,0.74,73210.0,948990.0,73210.0,700841.0,700841.0,780232.0,919817.0,160415.0,700841.0,0.74,0.74,0.74,-44115.0,931158.0,-129728.0,567711.0,700841.0,SPCG,0
2018-06-30,1540259.0,17426.0,659829.0,754270.0,1540259.0,-77015.0,17426.0,1031184.0,-6193.0,659829.0,582681.0,736844.0,0.68,655219.0,0.68,973990.0,0.55,-77015.0,754270.0,0.68,94678.0,973990.0,94678.0,659829.0,659829.0,736844.0,869093.0,162091.0,659829.0,0.68,0.68,0.68,-6193.0,885040.0,-130770.0,582681.0,659829.0,SPCG,0
2018-09-30,1218215.0,10625.0,531300.0,606327.0,1218215.0,-64402.0,10625.0,882081.0,-14994.0,531300.0,439925.0,595702.0,0.55,487576.0,0.55,973990.0,0.0,-64402.0,606327.0,0.55,75048.0,973990.0,75048.0,531300.0,531300.0,595702.0,718236.0,163845.0,531300.0,0.55,0.55,0.55,-14994.0,730639.0,-124312.0,439925.0,531300.0,SPCG,0
2018-12-31,1653073.0,12019.0,721640.0,822823.0,1653073.0,-89164.0,12019.0,1135584.0,-4478.0,721640.0,632241.0,810804.0,0.74,711695.0,0.74,974060.0,0.65,-89164.0,822823.0,0.74,92785.0,974060.0,92785.0,721640.0,721640.0,810804.0,932525.0,203059.0,721640.0,0.74,0.74,0.74,-4478.0,941378.0,-118555.0,632241.0,721640.0,SPCG,0
2019-03-31,1341572.0,6322.0,694366.0,789271.0,1341572.0,-88583.0,6322.0,1046196.0,-13641.0,694366.0,416062.0,782949.0,0.71,456518.0,0.71,973990.0,0.0,-88583.0,789271.0,0.71,61157.0,973990.0,61157.0,694366.0,694366.0,782949.0,877994.0,168202.0,694366.0,0.71,0.71,0.71,-13641.0,885054.0,-95783.0,416062.0,694366.0,SPCG,0
2019-06-30,1265245.0,10841.0,653337.0,747986.0,1265245.0,-83808.0,10841.0,995159.0,-2204.0,653337.0,373863.0,737145.0,0.67,421932.0,0.67,973990.0,0.5,-83808.0,747986.0,0.67,66358.0,973990.0,66358.0,653337.0,653337.0,737145.0,827228.0,167931.0,653337.0,0.67,0.67,0.67,-2204.0,843313.0,-95327.0,373863.0,653337.0,SPCG,0
2019-09-30,1187761.0,9566.0,575204.0,658161.0,1187761.0,-73391.0,9566.0,902326.0,-4404.0,575204.0,387626.0,648595.0,0.59,443101.0,0.59,973990.0,0.0,-73391.0,658161.0,0.59,68127.0,973990.0,68127.0,575204.0,575204.0,648595.0,736412.0,165914.0,575204.0,0.59,0.59,0.59,-4404.0,744660.0,-86499.0,387626.0,575204.0,SPCG,0
2019-12-31,1451960.0,9890.0,746517.0,852459.0,1451960.0,-96052.0,9890.0,1084185.0,-9876.0,746517.0,443015.0,842569.0,0.77,516885.0,0.77,973990.0,0.72,-96052.0,852459.0,0.77,100958.0,973990.0,100958.0,746517.0,746517.0,842569.0,917863.0,166322.0,746517.0,0.77,0.77,0.77,-9876.0,935075.0,-82616.0,443015.0,746517.0,SPCG,0
2020-03-31,1454732.0,12603.0,748985.0,850370.0,1454732.0,-88782.0,12603.0,1102803.0,-6917.0,748985.0,449265.0,837767.0,0.77,535415.0,0.77,972708.0,0.0,-88782.0,850370.0,0.77,80014.0,972708.0,80014.0,748985.0,748985.0,837767.0,932370.0,170433.0,748985.0,0.77,0.77,0.77,-6917.0,919317.0,-68947.0,449265.0,748985.0,SPCG,0
2020-06-30,1174434.0,22487.0,663298.0,768973.0,1174434.0,-83188.0,22487.0,964991.0,-7858.0,663298.0,306210.0,746486.0,0.68,336903.0,0.68,975438.0,0.55,-83188.0,768973.0,0.68,81838.0,975438.0,81838.0,663298.0,663298.0,746486.0,794244.0,170747.0,663298.0,0.68,0.68,0.68,-7858.0,837531.0,-68558.0,306210.0,663298.0,SPCG,0
2020-09-30,1184491.0,25301.0,684843.0,792529.0,1184491.0,-82385.0,25301.0,997786.0,-1811.0,684843.0,301359.0,767228.0,0.7,332329.0,0.7,978347.0,0.0,-82385.0,792529.0,0.7,56764.0,978347.0,56764.0,684843.0,684843.0,767228.0,828179.0,169607.0,684843.0,0.7,0.7,0.7,-1811.0,852162.0,-59633.0,301359.0,684843.0,SPCG,0
2020-12-31,1106497.0,22615.0,634490.0,733507.0,1106497.0,-76402.0,22615.0,943125.0,-30159.0,634490.0,294761.0,710892.0,0.65,368112.0,0.65,969738.0,0.65,-76402.0,733507.0,0.65,65230.0,969738.0,65230.0,634490.0,634490.0,710892.0,776665.0,166460.0,634490.0,0.65,0.65,0.65,-30159.0,738385.0,-4878.0,294761.0,634490.0,SPCG,0
2021-03-31,1172702.0,36440.0,700061.0,818741.0,1172702.0,-82240.0,36440.0,1015223.0,-6148.0,700061.0,242644.0,782301.0,0.66,319340.0,0.66,1055790.0,0.0,-82240.0,818741.0,0.66,85420.0,1055790.0,85420.0,700061.0,700061.0,782301.0,850786.0,164437.0,700061.0,0.66,0.66,0.66,-6148.0,853362.0,-34621.0,242644.0,700061.0,SPCG,0
2021-06-30,1187863.0,32129.0,637078.0,733468.0,1187863.0,-64261.0,32129.0,932882.0,-21554.0,637078.0,378245.0,701339.0,0.6,415577.0,0.6,1055790.0,0.25,-64261.0,733468.0,0.6,64234.0,1055790.0,64234.0,637078.0,637078.0,701339.0,766938.0,165944.0,637078.0,0.6,0.6,0.6,-21554.0,772286.0,-38818.0,378245.0,637078.0,SPCG,0
2021-09-30,1032113.0,42900.0,540838.0,641496.0,1032113.0,-57758.0,42900.0,844078.0,-10260.0,540838.0,308121.0,598596.0,0.51,350356.0,0.51,1055790.0,0.0,-57758.0,641496.0,0.51,57757.0,1055790.0,57757.0,540838.0,540838.0,598596.0,676495.0,167583.0,540838.0,0.51,0.51,0.51,-10260.0,681757.0,-40261.0,308121.0,540838.0,SPCG,0
2021-12-31,1100237.0,31568.0,601225.0,685863.0,1100237.0,-53070.0,31568.0,941708.0,-37520.0,601225.0,305617.0,654295.0,0.57,402007.0,0.57,1055917.0,0.55,-53070.0,685863.0,0.57,57827.0,1055917.0,57827.0,601225.0,601225.0,654295.0,774313.0,167395.0,601225.0,0.57,0.57,0.57,-37520.0,698230.0,-12367.0,305617.0,601225.0,SPCG,0
2022-03-31,1054876.0,47895.0,612568.0,714028.0,1054876.0,-53565.0,47895.0,956388.0,-50807.0,612568.0,264562.0,666133.0,0.58,313601.0,0.58,1055790.0,0.0,-53565.0,714028.0,0.58,48176.0,1055790.0,48176.0,612568.0,612568.0,666133.0,792945.0,163443.0,612568.0,0.58,0.58,0.58,-50807.0,741275.0,-27247.0,264562.0,612568.0,SPCG,0
2022-06-30,964259.0,44852.0,553959.0,632860.0,964259.0,-34049.0,44852.0,859904.0,-46969.0,553959.0,261620.0,588008.0,0.52,304276.0,0.52,1055790.0,0.25,-34049.0,632860.0,0.52,54493.0,1055790.0,54493.0,553959.0,553959.0,588008.0,695115.0,164789.0,553959.0,0.52,0.52,0.52,-46969.0,659983.0,-27123.0,261620.0,553959.0,SPCG,0
2022-09-30,1003632.0,78765.0,483242.0,583745.0,1003632.0,-21738.0,78765.0,754736.0,-6178.0,483242.0,358831.0,504980.0,0.46,394030.0,0.46,1055790.0,0.0,-21738.0,583745.0,0.46,61269.0,1055790.0,61269.0,483242.0,483242.0,504980.0,589710.0,165026.0,483242.0,0.46,0.46,0.46,-6178.0,609602.0,-25857.0,358831.0,483242.0,SPCG,0
2022-12-31,1335482.0,86040.0,670713.0,791261.0,1335482.0,-34508.0,86040.0,977002.0,-13844.0,670713.0,468318.0,705221.0,0.64,520511.0,0.64,1055790.0,0.6,-34508.0,791261.0,0.64,65795.0,1055790.0,65795.0,670713.0,670713.0,705221.0,815213.0,161789.0,670713.0,0.64,0.64,0.64,-13844.0,814971.0,-23710.0,468318.0,670713.0,SPCG,0
2023-03-31,1181927.0,85102.0,596511.0,731318.0,1181927.0,-49705.0,85102.0,904899.0,-5809.0,596511.0,380410.0,646216.0,0.56,437260.0,0.56,1055790.0,0.0,-49705.0,731318.0,0.56,63141.0,1055790.0,63141.0,596511.0,596511.0,646216.0,744185.0,160714.0,596511.0,0.56,0.56,0.56,-5809.0,744667.0,-13349.0,380410.0,596511.0,SPCG,0
2023-06-30,1204776.0,76485.0,553403.0,670010.0,1204776.0,-40122.0,76485.0,842354.0,-38366.0,553403.0,483334.0,593525.0,0.52,521217.0,0.52,1055790.0,0.3,-40122.0,670010.0,0.52,80164.0,1055790.0,80164.0,553403.0,553403.0,593525.0,679644.0,162710.0,553403.0,0.52,0.52,0.52,-38366.0,683559.0,-13549.0,483334.0,553403.0,SPCG,0
2023-09-30,789444.0,40856.0,298655.0,362336.0,789444.0,-22825.0,40856.0,539443.0,-7471.0,298655.0,359581.0,321480.0,0.28,413515.0,0.28,1055790.0,0.0,-22825.0,362336.0,0.28,62158.0,1055790.0,62158.0,298655.0,298655.0,321480.0,375176.0,164267.0,298655.0,0.28,0.28,0.28,-7471.0,375929.0,-13593.0,359581.0,298655.0,SPCG,0
2023-12-31,949448.0,55639.0,389401.0,468344.0,949448.0,-23304.0,55639.0,643726.0,-34799.0,389401.0,418573.0,412705.0,0.37,468446.0,0.37,1055790.0,0.65,-23304.0,468344.0,0.37,86273.0,1055790.0,86273.0,389401.0,389401.0,412705.0,479401.0,164325.0,389401.0,0.37,0.37,0.37,-34799.0,481002.0,-12658.0,418573.0,389401.0,SPCG,0
2024-03-31,735536.0,48070.0,329364.0,406504.0,735536.0,-29070.0,48070.0,572588.0,-9946.0,329364.0,281059.0,358434.0,0.31,321967.0,0.31,1055790.0,0.0,-29070.0,406504.0,0.31,54817.0,1055790.0,54817.0,329364.0,329364.0,358434.0,409606.0,162982.0,329364.0,0.31,0.31,0.31,-9946.0,413569.0,-7065.0,281059.0,329364.0,SPCG,0
2024-06-30,493829.0,26382.0,143695.0,190414.0,493829.0,-20337.0,26382.0,358654.0,-29458.0,143695.0,251593.0,164032.0,0.14,296365.0,0.14,1055790.0,0.5,-20337.0,190414.0,0.14,75740.0,1055790.0,75740.0,143695.0,143695.0,164032.0,195954.0,162700.0,143695.0,0.14,0.14,0.14,-29458.0,197464.0,-7050.0,251593.0,143695.0,SPCG,0
2004-03-31,94449.0,0.0,29018.0,29018.0,94449.0,-15332.0,0.0,35043.0,-405.0,29018.0,47443.0,29018.0,0.01,65405.0,0.01,3211490.0,0.0,-20318.5,29018.0,0.01,18367.0,3211490.0,18367.0,29018.0,29018.0,29018.0,29044.0,5999.0,29018.0,0.01,0.01,0.01,-405.0,29044.0,-26.0,47443.0,29018.0,SUPER,0
2004-06-30,101672.0,0.0,352829.0,37829.0,101672.0,-15332.0,0.0,44544.0,-83.0,37829.0,45775.0,37829.0,0.01,63815.0,0.01,3211490.0,0.0,-20318.5,37829.0,0.01,18123.0,3211490.0,18123.0,37829.0,352829.0,37829.0,37857.0,6687.0,37829.0,0.11,0.11,0.01,-83.0,37857.0,-28.0,45775.0,352829.0,SUPER,0
2004-09-30,89337.0,0.0,679426.0,22189.0,89337.0,-15332.0,0.0,29211.0,-123.0,22189.0,42083.0,22189.0,0.01,66510.0,0.01,3211490.0,0.0,-20318.5,22189.0,0.01,24550.0,3211490.0,24550.0,22189.0,679426.0,22189.0,22827.0,6384.0,22189.0,0.21,0.21,0.01,-123.0,22827.0,-638.0,42083.0,679426.0,SUPER,0
2004-12-31,75150.0,0.0,4397.0,4397.0,75150.0,-15332.0,0.0,36257.5,-1702.0,4397.0,44833.0,4397.0,0.0,66995.0,0.0,3211490.0,0.0,-20318.5,4397.0,0.0,23864.0,3211490.0,23864.0,4397.0,4397.0,4397.0,8155.0,16234.0,4397.0,0.0,0.0,0.0,-1702.0,8155.0,-3758.0,44833.0,4397.0,SUPER,0
2005-03-31,97262.0,0.0,35331.0,35331.0,97262.0,-15332.0,0.0,45830.0,-726.0,35331.0,40166.0,35331.0,0.01,58359.0,0.01,3211490.0,0.0,-20318.5,35331.0,0.01,18919.0,3211490.0,18919.0,35331.0,35331.0,35331.0,38903.0,6927.0,35331.0,0.01,0.01,0.01,-726.0,38903.0,-3572.0,40166.0,35331.0,SUPER,0
2005-06-30,89731.0,0.0,29751.0,29751.0,89731.0,-15332.0,0.0,39922.0,-2242.0,29751.0,44231.0,29751.0,0.01,56595.0,0.01,3137379.0,0.0,-20318.5,29751.0,0.01,14606.0,3137379.0,14606.0,29751.0,29751.0,29751.0,33136.0,6786.0,29751.0,0.01,0.01,0.01,-2242.0,33136.0,-3385.0,44231.0,29751.0,SUPER,0
2005-09-30,107650.0,0.0,5783.0,5783.0,107650.0,-15332.0,0.0,16534.0,-1559.0,5783.0,80231.0,5783.0,0.0,98390.0,0.0,3211490.0,0.0,-20318.5,5783.0,0.0,19718.0,3211490.0,19718.0,5783.0,5783.0,5783.0,9260.0,7274.0,5783.0,0.0,0.0,0.0,-1559.0,9260.0,-3477.0,80231.0,5783.0,SUPER,0
2005-12-31,72024.0,836.0,-35705.0,-34869.0,72024.0,-15332.0,836.0,-23570.0,-1637.0,-35705.0,69623.0,-35705.0,-0.02,102577.0,-0.02,2303678.0,0.0,-20318.5,-34869.0,-0.02,34591.0,2303678.0,34591.0,-35705.0,-35705.0,-35705.0,-30553.0,6983.0,-35705.0,-0.02,-0.02,-0.02,-1637.0,-30553.0,-4316.0,69623.0,-35705.0,SUPER,0
2006-03-31,66836.0,169.0,-31211.0,-31042.0,66836.0,-15332.0,169.0,-9349.0,-1368.0,-31211.0,62083.0,-31211.0,-0.01,89390.0,-0.01,3211490.0,0.0,-20318.5,-31042.0,-0.01,28675.0,3211490.0,28675.0,-31211.0,-31211.0,-31211.0,-22554.0,13205.0,-31211.0,-0.01,-0.01,-0.01,-1368.0,-22554.0,-8488.0,62083.0,-31211.0,SUPER,0
2006-06-30,58082.0,230.0,-34258.0,-34028.0,58082.0,-15332.0,230.0,-11028.0,-2209.0,-34258.0,52755.0,-34258.0,-0.01,82654.0,-0.01,3211490.0,0.0,-20318.5,-34028.0,-0.01,32108.0,3211490.0,32108.0,-34258.0,-34258.0,-34258.0,-24572.0,13544.0,-34258.0,-0.01,-0.01,-0.01,-2209.0,-24572.0,-9456.0,52755.0,-34258.0,SUPER,0
2006-09-30,48222.0,1189.0,-29258.0,-28069.0,48222.0,-15332.0,1189.0,-4997.0,-484.0,-29258.0,45176.0,-29258.0,-0.01,66856.0,-0.01,3211490.0,0.0,-20318.5,-28069.0,-0.01,22164.0,3211490.0,22164.0,-29258.0,-29258.0,-29258.0,-18634.0,13637.0,-29258.0,-0.01,-0.01,-0.01,-484.0,-18634.0,-9435.0,45176.0,-29258.0,SUPER,0
2006-12-31,40408.0,-26.0,-29589.0,-29615.0,40408.0,-15332.0,-26.0,-6583.0,-8221.0,-29589.0,37578.0,-29589.0,-0.01,60765.0,-0.01,3211490.0,0.0,-20318.5,-29615.0,-0.01,31408.0,3211490.0,31408.0,-29589.0,-29589.0,-29589.0,-20357.0,13774.0,-29589.0,-0.01,-0.01,-0.01,-8221.0,-20357.0,-9258.0,37578.0,-29589.0,SUPER,0
2007-03-31,40669.0,134.0,-27804.0,-27670.0,40669.0,-15332.0,134.0,-6145.0,-260.0,-27804.0,37129.0,-27804.0,-0.01,59560.0,-0.01,3211490.0,0.0,-20318.5,-27670.0,-0.01,22691.0,3211490.0,22691.0,-27804.0,-27804.0,-27804.0,-18891.0,12746.0,-27804.0,-0.01,-0.01,-0.01,-260.0,-18891.0,-8779.0,37129.0,-27804.0,SUPER,0
2007-06-30,39763.0,73.0,-55724.0,-55651.0,39763.0,-15332.0,8567.0,-10386.0,-379.0,-55724.0,38588.0,-55724.0,-0.01,87287.0,-0.02,3211490.0,0.0,-20318.5,-31383.0,-0.02,24810.0,3211490.0,24810.0,-55724.0,-55724.0,-39950.0,-23256.0,12870.0,-39950.0,-0.02,-0.02,-0.01,-379.0,-47524.0,-8127.0,38588.0,-55724.0,SUPER,0
2007-09-30,57098.0,204.0,-34675.0,-34471.0,57098.0,-15332.0,5756.0,1801.0,-251.0,-34675.0,50558.0,-34675.0,-0.01,84170.0,-0.01,3211490.0,0.0,-20318.5,-18608.0,-0.01,18000.0,3211490.0,18000.0,-34675.0,-34675.0,-24364.0,-11209.0,13010.0,-24364.0,-0.01,-0.01,-0.01,-251.0,-27072.0,-7399.0,50558.0,-34675.0,SUPER,0
2007-12-31,55805.0,350.0,-22830.0,-22480.0,55805.0,-15332.0,350.0,-3469.0,-440.0,-22830.0,47306.0,-22830.0,-0.01,71471.0,-0.01,3211490.0,0.0,-20318.5,-22480.0,-0.01,24605.0,3211490.0,24605.0,-22830.0,-22830.0,-22830.0,-15666.0,12197.0,-22830.0,-0.01,-0.01,-0.01,-440.0,-15666.0,-6814.0,47306.0,-22830.0,SUPER,0
2008-03-31,56468.0,137.0,-25907.0,-25770.0,56468.0,-15332.0,137.0,-13023.0,-226.0,-25907.0,49460.0,-25907.0,-0.01,75792.0,-0.01,3211490.0,0.0,-20318.5,-25770.0,-0.01,26558.0,3211490.0,26558.0,-25907.0,-25907.0,-25907.0,-19324.0,6301.0,-25907.0,-0.01,-0.01,-0.01,-226.0,-19324.0,-6446.0,49460.0,-25907.0,SUPER,0
2008-06-30,49466.0,144.0,-24955.0,-24811.0,49466.0,-15332.0,144.0,-12640.0,-433.0,-24955.0,43137.0,-24955.0,-0.01,68313.0,-0.01,3211490.0,0.0,-20318.5,-24811.0,-0.01,25609.0,3211490.0,25609.0,-24955.0,-24955.0,-24955.0,-18847.0,6207.0,-24955.0,-0.01,-0.01,-0.01,-433.0,-18847.0,-5964.0,43137.0,-24955.0,SUPER,0
2008-09-30,54661.0,104.0,-25370.0,-25266.0,54661.0,-15332.0,104.0,-13131.0,-179.0,-25370.0,44105.0,-25370.0,-0.01,73968.0,-0.01,3211490.0,0.0,-20318.5,-25266.0,-0.01,30042.0,3211490.0,30042.0,-25370.0,-25370.0,-25370.0,-19307.0,6176.0,-25370.0,-0.01,-0.01,-0.01,-179.0,-19307.0,-5959.0,44105.0,-25370.0,SUPER,0
2008-12-31,46231.0,515.0,-33173.0,-32658.0,46231.0,-15332.0,515.0,36257.5,-67.0,-33173.0,39810.0,-33173.0,-0.01,72523.0,-0.01,4369733.0,0.0,-20318.5,-32658.0,-0.01,32780.0,4369733.0,28818.0,-33173.0,-33173.0,-33173.0,-26292.0,16234.0,-33173.0,-0.01,-0.01,-0.01,-67.0,-26292.0,-6366.0,39810.0,-33173.0,SUPER,0
2009-03-31,39828.0,0.0,-71656.0,-71656.0,39828.0,-15332.0,0.0,-59854.0,-92.0,-71656.0,31158.0,-71656.0,-0.01,105789.0,-0.01,4817236.0,0.0,-20318.5,-71656.0,-0.01,74723.0,4817236.0,74723.0,-71656.0,-71656.0,-71656.0,-65961.0,6107.0,-71656.0,-0.01,-0.01,-0.01,-92.0,-65961.0,-5695.0,31158.0,-71656.0,SUPER,0
2009-06-30,31871.0,0.0,-72899.0,-72899.0,31871.0,-15332.0,0.0,-39168.0,-284.0,-72899.0,56385.0,-72899.0,-0.02,77105.0,-0.02,4817236.0,0.0,-20318.5,-72899.0,-0.02,21004.0,4817236.0,21004.0,-72899.0,-72899.0,-72899.0,-45234.0,6066.0,-72899.0,-0.02,-0.02,-0.02,-284.0,-45234.0,-27665.0,56385.0,-72899.0,SUPER,0
2009-09-30,41069.0,0.0,-33112.0,-33112.0,41069.0,-15332.0,0.0,-12938.0,-489.0,-33112.0,28533.0,-33112.0,-0.01,60091.0,-0.01,4817236.0,0.0,-20318.5,-33112.0,-0.01,32047.0,4817236.0,32047.0,-33112.0,-33112.0,-33112.0,-19022.0,6084.0,-33112.0,-0.01,-0.01,-0.01,-489.0,-19022.0,-14090.0,28533.0,-33112.0,SUPER,0
2009-12-31,48700.0,176.0,-111039.0,-110863.0,48700.0,-15332.0,176.0,-85319.0,-2026.0,-111039.0,58549.0,-111039.0,-0.02,140099.0,-0.02,4817236.0,0.0,-20318.5,-110863.0,-0.02,83576.0,4817236.0,79484.0,-111039.0,-111039.0,-111039.0,-91399.0,6080.0,-111039.0,-0.02,-0.02,-0.02,-2026.0,-91399.0,-19464.0,58549.0,-111039.0,SUPER,0
2010-03-31,56041.0,0.0,-12503.0,-12503.0,56041.0,-15332.0,0.0,-2195.0,-1440.0,-12503.0,46757.0,-12503.0,0.0,67944.0,0.0,4964349.0,0.0,-20318.5,-12503.0,0.0,22627.0,4964349.0,22627.0,-12503.0,-12503.0,-12503.0,-11903.0,9708.0,-12503.0,0.0,0.0,0.0,-1440.0,-11903.0,-600.0,46757.0,-12503.0,SUPER,0
2010-06-30,51795.0,0.0,-21608.0,-21608.0,51795.0,-15332.0,0.0,-7269.0,-125.0,-21608.0,45760.0,-21608.0,0.0,68899.0,0.0,5050943.0,0.0,-20318.5,-21608.0,0.0,23264.0,5050943.0,23264.0,-21608.0,-21608.0,-21608.0,-17104.0,9835.0,-21608.0,0.0,0.0,0.0,-125.0,-17104.0,-4504.0,45760.0,-21608.0,SUPER,0
2010-09-30,61154.0,0.0,-16883.0,-16883.0,61154.0,-15332.0,0.0,-5090.0,-1661.0,-16883.0,53087.0,-16883.0,0.0,76189.0,0.0,5050943.0,0.0,-20318.5,-16883.0,0.0,24763.0,5050943.0,24763.0,-16883.0,-16883.0,-16883.0,-15035.0,9945.0,-16883.0,0.0,0.0,0.0,-1661.0,-15035.0,-1848.0,53087.0,-16883.0,SUPER,0
2010-12-31,50040.0,302.0,11536.0,11838.0,50040.0,-15332.0,302.0,22867.0,-35550.0,11536.0,52768.0,11536.0,0.0,37157.0,0.0,5052129.0,0.0,-20318.5,11838.0,0.0,19939.0,5052129.0,19939.0,11536.0,11536.0,11536.0,12883.0,9984.0,11536.0,0.0,0.0,0.0,-35550.0,12883.0,-1045.0,52768.0,11536.0,SUPER,0
2011-03-31,99808.0,0.0,19526.0,19526.0,99808.0,-15332.0,0.0,36257.5,-7885.0,19526.0,57423.0,19526.0,0.0,68340.0,0.0,5050943.0,0.0,-20318.5,19526.0,0.0,18802.0,5050943.0,18802.0,19526.0,19526.0,19526.0,31468.0,16234.0,19526.0,0.0,0.0,0.0,-7885.0,31468.0,-11942.0,57423.0,19526.0,SUPER,0
2011-06-30,67194.0,0.0,-40502.0,-40502.0,67194.0,-15332.0,0.0,36257.5,1754.0,-40502.0,59326.0,-40502.0,-0.01,81316.0,-0.01,5106448.0,0.0,-20318.5,-40502.0,-0.01,20236.0,5106448.0,20236.0,-40502.0,-40502.0,-40502.0,-14122.0,16234.0,-40502.0,-0.01,-0.01,-0.01,1754.0,-14122.0,-26380.0,59326.0,-40502.0,SUPER,0
2011-09-30,67448.0,0.0,-18742.0,-18742.0,67448.0,-15332.0,0.0,-1742.0,-1745.0,-18742.0,62565.0,-18742.0,0.0,84776.0,0.0,5050943.0,0.0,-20318.5,-18742.0,0.0,22211.0,5050943.0,22211.0,-18742.0,-18742.0,-18742.0,-17328.0,15586.0,-18742.0,0.0,0.0,0.0,-1745.0,-17328.0,-1414.0,62565.0,-18742.0,SUPER,0
2011-12-31,95749.0,255.0,-2992.0,-2737.0,95749.0,-15332.0,255.0,37472.0,2083.0,-2992.0,63736.0,-2992.0,0.0,87741.0,0.0,5456799.0,0.0,-20318.5,-2737.0,0.0,21923.0,5456799.0,21923.0,-2992.0,-2992.0,-2992.0,8008.0,29464.0,-2992.0,0.0,0.0,0.0,2083.0,8008.0,-10745.0,63736.0,-2992.0,SUPER,0
2012-03-31,62889.0,6912.0,33791.0,29787.0,62889.0,0.0,6912.0,42583.0,-1745.0,22875.0,32839.0,22875.0,0.0,33102.0,0.0,5761941.0,0.0,-20318.5,29787.0,0.0,263.0,5761941.0,263.0,22875.0,33791.0,22875.0,29787.0,12796.0,22875.0,0.01,0.01,0.0,-1745.0,29787.0,0.0,32839.0,33791.0,SUPER,0
2012-06-30,-1654.0,0.0,-933.0,-86.0,-1654.0,-15332.0,0.0,12870.0,-1745.0,-86.0,-1654.0,-86.0,0.0,-1568.0,0.0,5536895.0,0.0,-20318.5,-86.0,0.0,262.0,5536895.0,262.0,-86.0,-933.0,-86.0,-86.0,12956.0,-86.0,0.0,0.0,0.0,-1745.0,-86.0,-17619.0,-1654.0,-933.0,SUPER,0
2012-09-30,16791.0,3862.0,10405.0,16563.0,16791.0,-15332.0,3862.0,29933.0,-37.0,12701.0,59326.0,12701.0,0.0,228.0,0.0,5652371.0,0.0,-20318.5,16563.0,0.0,265.0,5652371.0,265.0,12701.0,10405.0,12701.0,16563.0,13370.0,12701.0,0.0,0.0,0.0,-37.0,16563.0,-17619.0,59326.0,10405.0,SUPER,0
2012-12-31,0.0,-1.0,-15019.0,-506.0,0.0,-15332.0,-1.0,12915.0,78.0,-506.0,0.0,-506.0,0.0,507.0,0.0,6492422.0,0.0,-20318.5,-506.0,0.0,428.0,6492422.0,428.0,-506.0,-15019.0,-506.0,-506.0,13421.0,-506.0,0.0,0.0,0.0,78.0,-506.0,-17619.0,0.0,-15019.0,SUPER,0
2013-03-31,22480.0,305.0,89030.0,20419.0,22480.0,-357.0,305.0,11243.0,-1.0,19757.0,15473.0,20114.0,0.0,1987.0,0.0,6734591.0,0.0,-20318.5,20419.0,0.0,5168.0,6734591.0,5168.0,19757.0,89030.0,20114.0,1840.0,9403.0,19757.0,0.01,0.01,0.0,-1.0,20493.0,-74.0,15473.0,89030.0,SUPER,0
2013-06-30,22196.0,726.0,-4670.0,3717.0,22196.0,-655.0,726.0,4970.0,-1639.0,2336.0,14069.0,2991.0,0.0,18384.0,0.0,6734591.0,0.0,-20318.5,3717.0,0.0,5954.0,6734591.0,5954.0,2336.0,-4670.0,2991.0,3812.0,1158.0,2336.0,0.0,0.0,0.0,-1639.0,3812.0,-95.0,14069.0,-4670.0,SUPER,0
2013-09-30,22078.0,190.0,-13243.0,-7659.0,22078.0,-244.0,190.0,-6388.0,-1.0,-8093.0,16123.0,-7849.0,0.0,29673.0,0.0,7655236.0,0.0,-244.0,-7659.0,0.0,13551.0,7655236.0,13551.0,-8093.0,-13243.0,-7849.0,-7595.0,1207.0,-8093.0,0.0,0.0,0.0,-1.0,-7595.0,-64.0,16123.0,-13243.0,SUPER,0
2013-12-31,24289.0,-1469.0,-8958.0,763.0,24289.0,-329.0,-1195.0,3046.0,1571.0,1903.0,15991.0,2232.0,0.0,23499.0,0.0,8477335.0,0.0,-329.0,1545.0,0.0,5155.0,8477335.0,5155.0,1903.0,-8958.0,2740.0,1572.0,1474.0,2411.0,0.0,0.0,0.0,1571.0,789.0,-27.0,15991.0,-8958.0,SUPER,0
2014-03-31,36678.0,-30.0,-4828.0,-4215.0,36678.0,-643.0,-30.0,6701.0,-1029.0,-4828.0,22089.0,-4185.0,0.0,37638.0,0.0,10427759.0,0.0,-643.0,-4215.0,0.0,16578.0,10427759.0,16578.0,-4828.0,-4828.0,-4185.0,-960.0,7661.0,-4828.0,0.0,0.0,0.0,-1029.0,-960.0,-3255.0,22089.0,-4828.0,SUPER,0
2014-06-30,43207.0,3099.0,-15794.0,-12458.0,43207.0,-237.0,3099.0,5066.0,-3734.0,-15794.0,27073.0,-15557.0,0.0,50043.0,0.0,14711721.0,0.0,-237.0,-12458.0,0.0,26704.0,14711721.0,26704.0,-15794.0,-15794.0,-15557.0,-6836.0,11902.0,-15794.0,0.0,0.0,0.0,-3734.0,-6836.0,-5622.0,27073.0,-15794.0,SUPER,0
2014-09-30,52822.0,530.0,-39249.0,-38938.0,52822.0,219.0,530.0,-11259.0,-909.0,-39249.0,32856.0,-39468.0,0.0,80119.0,0.0,18318386.0,0.0,219.0,-38938.0,0.0,48172.0,18318386.0,48172.0,-39249.0,-39249.0,-39468.0,-27297.0,16038.0,-39249.0,0.0,0.0,0.0,-909.0,-27297.0,-11641.0,32856.0,-39249.0,SUPER,0
2014-12-31,72345.0,-542.0,-28719.0,-30111.0,72345.0,849.0,-542.0,12894.0,-12647.0,-28719.0,46413.0,-29569.0,0.0,86897.0,0.0,20195563.0,0.0,849.0,-30111.0,0.0,53132.0,20195563.0,53132.0,-28719.0,-28719.0,-29569.0,-14552.0,27446.0,-28719.0,0.0,0.0,0.0,-12647.0,-14552.0,-15559.0,46413.0,-28719.0,SUPER,0
2015-03-31,81156.0,1421.0,-33626.0,-32334.0,81156.0,129.0,1421.0,8757.0,-4521.0,-33626.0,48201.0,-33755.0,0.0,101556.0,0.0,20943406.0,0.0,129.0,-32334.0,0.0,57876.0,20943406.0,57876.0,-33626.0,-33626.0,-33755.0,-20400.0,16142.0,-33626.0,0.0,0.0,0.0,-4521.0,-20400.0,-11934.0,48201.0,-33626.0,SUPER,0
2015-06-30,89776.0,-978.0,-183940.0,-188172.0,89776.0,3254.0,-978.0,-139448.0,-635.0,-183940.0,59011.0,-187194.0,-0.01,258711.0,-0.01,21141525.0,0.0,3254.0,-188172.0,-0.01,200335.0,21141525.0,200335.0,-183940.0,-183940.0,-187194.0,-168935.0,16326.0,-183940.0,-0.01,-0.01,-0.01,-635.0,-168935.0,-19237.0,59011.0,-183940.0,SUPER,0
2015-09-30,89236.0,202.0,-128352.0,-136862.0,89236.0,8712.0,202.0,-85054.0,-721.0,-128352.0,54073.0,-137064.0,-0.01,208479.0,-0.01,23250594.0,0.0,8712.0,-136862.0,-0.01,155127.0,23250594.0,155127.0,-128352.0,-128352.0,-137064.0,-119243.0,20717.0,-128352.0,-0.01,-0.01,-0.01,-721.0,-119243.0,-17619.0,54073.0,-128352.0,SUPER,0
2015-12-31,137989.0,509.0,-366600.0,-459178.0,137989.0,93087.0,509.0,-41840.0,-5078.0,-366600.0,61968.0,-459687.0,-0.02,405768.0,-0.02,24921045.0,0.0,93087.0,-459178.0,-0.02,184595.0,24921045.0,184595.0,-366600.0,-366600.0,-459687.0,-103496.0,33274.0,-366600.0,-0.02,-0.02,-0.02,-5078.0,-267779.0,-191399.0,61968.0,-366600.0,SUPER,0
2016-03-31,312622.0,199.0,17646.0,27935.0,312622.0,-10090.0,199.0,120370.0,-8525.0,17646.0,147949.0,27736.0,0.0,115340.0,0.0,24205553.0,0.0,-10090.0,27935.0,0.0,139472.0,24205553.0,139472.0,17646.0,17646.0,27736.0,33726.0,86644.0,17646.0,0.0,0.0,0.0,-8525.0,197282.0,-169347.0,147949.0,17646.0,SUPER,0
2016-06-30,813691.0,1201.0,59655.0,22698.0,813691.0,38158.0,1201.0,614469.0,-1256.0,59655.0,375793.0,21497.0,0.0,483871.0,0.0,25720343.0,0.0,38158.0,22698.0,0.0,109334.0,25720343.0,109334.0,59655.0,59655.0,21497.0,329820.0,284649.0,59655.0,0.0,0.0,0.0,-1256.0,329820.0,-307122.0,375793.0,59655.0,SUPER,0
2016-09-30,1215507.0,1145.0,203360.0,313291.0,1215507.0,-108786.0,1145.0,972385.0,-1745.0,203360.0,487618.0,312146.0,0.01,610756.0,0.01,26750705.0,0.0,-108786.0,313291.0,0.01,143837.0,26750705.0,143837.0,203360.0,203360.0,312146.0,585797.0,386588.0,203360.0,0.01,0.01,0.01,-1745.0,604751.0,-291460.0,487618.0,203360.0,SUPER,0
2016-12-31,1269784.0,-18844.0,80963.0,141990.0,1269784.0,-79871.0,-18844.0,970044.0,-3277.0,80963.0,544953.0,160834.0,0.0,780503.0,0.0,29146465.0,0.0,-79871.0,141990.0,0.0,163640.0,29146465.0,163640.0,80963.0,80963.0,160834.0,564468.0,405576.0,80963.0,0.0,0.0,0.0,-3277.0,489281.0,-347291.0,544953.0,80963.0,SUPER,0
2017-03-31,1477353.0,3646.0,504959.0,567052.0,1477353.0,-58447.0,3646.0,1269009.0,-895.0,504959.0,585282.0,563406.0,0.02,591071.0,0.02,27349645.0,0.0,-58447.0,567052.0,0.02,89811.0,27349645.0,89811.0,504959.0,504959.0,563406.0,803155.0,423294.0,504959.0,0.02,0.02,0.02,-895.0,886282.0,-319230.0,585282.0,504959.0,SUPER,0
2017-06-30,1430419.0,1529.0,343610.0,436858.0,1430419.0,-91719.0,1529.0,1235374.0,-4497.0,343610.0,594752.0,435329.0,0.01,649997.0,0.01,27349462.0,0.0,-91719.0,436858.0,0.01,79151.0,27349462.0,79151.0,343610.0,343610.0,435329.0,761013.0,431781.0,343610.0,0.01,0.01,0.01,-4497.0,780422.0,-343564.0,594752.0,343610.0,SUPER,0
2017-09-30,1355444.0,3564.0,323215.0,369780.0,1355444.0,-43001.0,3556.0,1191394.0,-53734.0,323215.0,598813.0,366216.0,0.01,624372.0,0.01,27349463.0,0.0,-43001.0,368993.0,0.01,98259.0,27349463.0,98259.0,323215.0,323215.0,365437.0,712106.0,435448.0,322436.0,0.01,0.01,0.01,-53734.0,731072.0,-361292.0,598813.0,323215.0,SUPER,0
2017-12-31,1246967.0,13985.0,112535.0,160664.0,1246967.0,-34144.0,14054.0,985287.0,-14657.0,112535.0,606060.0,146679.0,0.0,720455.0,0.0,27349466.0,0.0,-34144.0,161451.0,0.0,153589.0,27349466.0,153589.0,112535.0,112535.0,147398.0,501975.0,439960.0,113254.0,0.0,0.0,0.0,-14657.0,526512.0,-365848.0,606060.0,112535.0,SUPER,0
2018-03-31,1479027.0,-267.0,412313.0,494538.0,1479027.0,-82492.0,-267.0,1272350.0,-6730.0,412313.0,589443.0,494805.0,0.02,660548.0,0.02,27349466.0,0.0,-82492.0,494538.0,0.02,97940.0,27349466.0,97940.0,412313.0,412313.0,494805.0,798374.0,431146.0,412313.0,0.02,0.02,0.02,-6730.0,818479.0,-323941.0,589443.0,412313.0,SUPER,0
2018-06-30,1439720.0,4135.0,342044.0,407347.0,1439720.0,-61168.0,4135.0,1226497.0,-18230.0,342044.0,635682.0,403212.0,0.01,691338.0,0.01,27349466.0,0.0,-61168.0,407347.0,0.01,79373.0,27349466.0,79373.0,342044.0,342044.0,403212.0,742895.0,440952.0,342044.0,0.01,0.01,0.01,-18230.0,748382.0,-341035.0,635682.0,342044.0,SUPER,0
2018-09-30,1325363.0,4013.0,113374.0,166241.0,1325363.0,-48854.0,4013.0,1029503.0,-1479.0,113374.0,689294.0,162228.0,0.0,809569.0,0.0,27349466.0,0.0,-48854.0,166241.0,0.0,119143.0,27349466.0,119143.0,113374.0,113374.0,162228.0,518405.0,467308.0,113374.0,0.0,0.0,0.0,-1479.0,515794.0,-349553.0,689294.0,113374.0,SUPER,0
2018-12-31,1485292.0,-1627.0,177702.0,212325.0,1485292.0,-36250.0,-1627.0,1099904.0,-22155.0,177702.0,713235.0,213952.0,0.01,914874.0,0.01,27349466.0,0.0,-36250.0,212325.0,0.01,213018.0,27349466.0,213018.0,177702.0,177702.0,213952.0,581194.0,473390.0,177702.0,0.01,0.01,0.01,-22155.0,570418.0,-358093.0,713235.0,177702.0,SUPER,0
2019-03-31,1617330.0,3134.0,395535.0,463705.0,1617330.0,-65036.0,3158.0,1350526.0,-4640.0,395535.0,693554.0,460571.0,0.01,787670.0,0.01,27349466.0,0.0,-65036.0,467268.0,0.01,98011.0,27349466.0,98011.0,395535.0,395535.0,464110.0,833968.0,472088.0,399074.0,0.01,0.01,0.01,-4640.0,829660.0,-365955.0,693554.0,395535.0,SUPER,0
2019-06-30,1580661.0,10778.0,289363.0,363309.0,1580661.0,-63168.0,10778.0,1268245.0,-17010.0,289363.0,715776.0,352531.0,0.01,847081.0,0.01,27349466.0,0.0,-63168.0,363309.0,0.01,137997.0,27349466.0,137997.0,289363.0,289363.0,352531.0,743898.0,480219.0,289363.0,0.01,0.01,0.01,-17010.0,733580.0,-370271.0,715776.0,289363.0,SUPER,0
2019-09-30,1491766.0,308006.0,1160912.0,1509908.0,1491766.0,-40990.0,44875.0,1186501.0,-25356.0,1160912.0,788536.0,1201902.0,0.0,-367708.0,0.04,27349466.0,0.01,-40990.0,219985.0,0.04,125759.0,27349466.0,125759.0,1160912.0,1160912.0,175110.0,602827.0,521709.0,134120.0,0.04,0.04,0.0,-25356.0,1859474.0,-349566.0,788536.0,1160912.0,SUPER,0
2019-12-31,1555818.0,-39279.0,291298.0,320123.0,1555818.0,-68104.0,86615.0,1176814.0,-5747.0,291298.0,749087.0,359402.0,0.01,995501.0,0.01,27950553.0,0.0,-68104.0,316560.0,0.01,207633.0,27950553.0,207633.0,291298.0,291298.0,229945.0,601282.0,519935.0,161841.0,0.01,0.01,0.01,-5747.0,560317.0,-240194.0,749087.0,291298.0,SUPER,0
2020-03-31,1683734.0,3695.0,718565.0,793055.0,1683734.0,-70795.0,3695.0,1353209.0,-13363.0,718565.0,754304.0,789360.0,0.03,554500.0,0.03,27349466.0,0.0,-70795.0,793055.0,0.03,150025.0,27349466.0,150025.0,718565.0,718565.0,789360.0,792768.0,560441.0,718565.0,0.03,0.03,0.03,-13363.0,1129234.0,-336179.0,754304.0,718565.0,SUPER,0
2020-06-30,1592726.0,17231.0,148360.0,222259.0,1592726.0,-56668.0,17231.0,1246931.0,-14315.0,148360.0,765572.0,205028.0,0.01,1031338.0,0.01,27349466.0,0.0,-56668.0,222259.0,0.01,127116.0,27349466.0,127116.0,148360.0,148360.0,205028.0,714353.0,532578.0,148360.0,0.01,0.01,0.01,-14315.0,561388.0,-339129.0,765572.0,148360.0,SUPER,0
2020-09-30,1651197.0,21245.0,488640.0,552862.0,1651197.0,-42977.0,21245.0,1309452.0,-30528.0,488640.0,849075.0,531617.0,0.02,750582.0,0.02,27349473.0,0.0,-42977.0,552862.0,0.02,143899.0,27349473.0,143899.0,488640.0,488640.0,531617.0,688751.0,620701.0,488640.0,0.02,0.02,0.02,-30528.0,900615.0,-347753.0,849075.0,488640.0,SUPER,0
2020-12-31,1586950.0,-57451.0,-52286.0,-55669.0,1586950.0,-54068.0,-40557.0,1153996.0,97190.0,-52286.0,835098.0,1782.0,0.0,1349006.0,0.0,27349473.0,0.01,-54068.0,-7401.0,0.0,247139.0,27349473.0,247139.0,-52286.0,-52286.0,33156.0,455791.0,636865.0,-20912.0,0.0,0.0,0.0,97190.0,237944.0,-293613.0,835098.0,-52286.0,SUPER,0
2021-03-31,2230637.0,30468.0,860250.0,1124896.0,2230637.0,-234178.0,30494.0,1927575.0,-99867.0,860250.0,1070910.0,1094428.0,0.03,721947.0,0.03,27349473.0,0.0,-234178.0,1125846.0,0.03,112465.0,27349473.0,112465.0,860250.0,860250.0,1095352.0,1148079.0,688241.0,861174.0,0.03,0.03,0.03,-99867.0,1508690.0,-383794.0,1070910.0,860250.0,SUPER,0
2021-06-30,2190368.0,-20317.0,707807.0,798428.0,2190368.0,-110938.0,-19868.0,1805213.0,-27458.0,707807.0,1071422.0,818745.0,0.03,989885.0,0.03,27349473.0,0.0,-110938.0,799712.0,0.03,119359.0,27349473.0,119359.0,707807.0,707807.0,819580.0,1028329.0,693861.0,708642.0,0.03,0.03,0.03,-27458.0,1200483.0,-402055.0,1071422.0,707807.0,SUPER,0
2021-09-30,2035862.0,37486.0,525714.0,623919.0,2035862.0,-60719.0,50165.0,1585403.0,-11404.0,525714.0,1061858.0,586433.0,0.03,893305.0,0.02,27349473.0,0.0,-60719.0,834955.0,0.02,405512.0,27349473.0,405512.0,525714.0,525714.0,784790.0,790932.0,709833.0,724071.0,0.02,0.02,0.03,-11404.0,1142557.0,-518638.0,1061858.0,525714.0,SUPER,0
2021-12-31,2073196.0,85350.0,313620.0,319264.0,2073196.0,79706.0,81812.0,1829769.0,-316137.0,313620.0,1142499.0,233914.0,0.01,1227262.0,0.01,27349473.0,0.01,79706.0,306028.0,0.01,233747.0,27349473.0,233747.0,313620.0,313620.0,224216.0,999851.0,734755.0,303922.0,0.01,0.01,0.01,-316137.0,845934.0,-526670.0,1142499.0,313620.0,SUPER,0
2022-03-31,2456546.0,14530.0,532293.0,567332.0,2456546.0,-20509.0,14572.0,1989242.0,-16016.0,532293.0,1128371.0,552802.0,0.02,1348647.0,0.02,27349473.0,0.0,-20509.0,568982.0,0.02,178260.0,27349473.0,178260.0,532293.0,532293.0,554410.0,1167581.0,741994.0,533901.0,0.02,0.02,0.02,-16016.0,1107899.0,-540567.0,1128371.0,532293.0,SUPER,0
2022-06-30,2313448.0,53140.0,236248.0,304720.0,2313448.0,-15332.0,53741.0,1856626.0,-36965.0,236248.0,1146850.0,251580.0,0.01,1387047.0,0.01,27349473.0,0.0,-15332.0,308168.0,0.01,184784.0,27349473.0,184784.0,236248.0,236248.0,254427.0,1022227.0,755415.0,239095.0,0.01,0.01,0.01,-36965.0,926401.0,-621681.0,1146850.0,236248.0,SUPER,0
2022-09-30,2191465.0,76791.0,-82595.0,5446.0,2191465.0,-11250.0,78321.0,1642730.0,-28371.0,-82595.0,1237069.0,-71345.0,0.0,1545508.0,0.0,27349473.0,0.0,-11250.0,9816.0,0.0,215274.0,27349473.0,215274.0,-82595.0,-82595.0,-68505.0,771863.0,786759.0,-79755.0,0.0,0.0,0.0,-28371.0,645957.0,-640511.0,1237069.0,-82595.0,SUPER,0
2022-12-31,2399655.0,-89178.0,-20626.0,-89676.0,2399655.0,-20128.0,-76902.0,1889517.0,-17662.0,-20626.0,1173668.0,-498.0,0.0,1690085.0,0.0,27349473.0,0.0,-20128.0,-54601.0,0.0,249290.0,27349473.0,249290.0,-20626.0,-20626.0,22301.0,1029434.0,776367.0,2173.0,0.0,0.0,0.0,-17662.0,709570.0,-799246.0,1173668.0,-20626.0,SUPER,0
2023-03-31,2669746.0,17123.0,515403.0,532526.0,2669746.0,0.0,17244.0,2139748.0,-18004.0,515403.0,1204519.0,515403.0,0.02,1316008.0,0.02,27349473.0,0.0,0.0,536299.0,0.02,218532.0,27349473.0,218532.0,515403.0,515403.0,519055.0,1268472.0,789673.0,519055.0,0.02,0.02,0.02,-18004.0,1353738.0,-821212.0,1204519.0,515403.0,SUPER,0
2023-06-30,2413297.0,16498.0,66713.0,83211.0,2413297.0,0.0,16628.0,1785473.0,-37056.0,66713.0,1223237.0,66713.0,0.0,1474018.0,0.0,27650017.0,0.0,0.0,84048.0,0.0,330599.0,27650017.0,330599.0,66713.0,66713.0,67420.0,897354.0,954542.0,67420.0,0.0,0.0,0.0,-37056.0,939279.0,-856068.0,1223237.0,66713.0,SUPER,0
2023-09-30,2311531.0,-39169.0,-445992.0,-565453.0,2311531.0,80292.0,-83510.0,1874317.0,-93144.0,-445992.0,1254949.0,-526284.0,-0.02,1906556.0,-0.02,27349473.0,0.0,80292.0,-692141.0,-0.02,33147.0,27349473.0,33147.0,-445992.0,-445992.0,-608631.0,989891.0,876806.0,-528339.0,-0.02,-0.02,-0.02,-93144.0,404975.0,-970428.0,1254949.0,-445992.0,SUPER,0
2023-12-31,2420132.0,-250695.0,-144442.0,-424358.0,2420132.0,29221.0,-205598.0,2050592.0,-25684.0,-144442.0,1268705.0,-173663.0,0.0,1917284.0,-0.01,27349473.0,0.0,29221.0,-295509.0,-0.01,369661.0,27349473.0,369661.0,-144442.0,-144442.0,-89911.0,936299.0,804666.0,-60690.0,-0.01,-0.01,0.0,-25684.0,502848.0,-927206.0,1268705.0,-144442.0,SUPER,0
2024-03-31,2712795.0,-186675.0,190851.0,-31495.0,2712795.0,35671.0,-176455.0,2124660.0,-19104.0,190851.0,1250099.0,155180.0,0.01,1758228.0,0.01,27349473.0,0.0,35671.0,-2295.0,0.01,268698.0,27349473.0,268698.0,190851.0,190851.0,174160.0,1242302.0,875108.0,209831.0,0.01,0.01,0.01,-19104.0,954567.0,-986062.0,1250099.0,190851.0,SUPER,0
2024-06-30,2465652.0,22293.0,-305969.0,-323546.0,2465652.0,39870.0,33150.0,1993664.0,-44705.0,-305969.0,1254810.0,-345839.0,-0.01,1883766.0,-0.01,27349473.0,0.0,39870.0,-292525.0,-0.01,180480.0,27349473.0,180480.0,-305969.0,-305969.0,-325675.0,1106088.0,879096.0,-285805.0,-0.01,-0.01,-0.01,-44705.0,581886.0,-905432.0,1254810.0,-305969.0,SUPER,0
2004-03-31,111444.0,7987.0,15799.0,23786.0,111444.0,-2781.0,7543.0,31618.0,-1016.0,15799.0,59174.0,15799.0,0.16,85661.0,0.17,93704.0,0.0,-2781.0,22465.0,0.17,28824.0,93704.0,28824.0,15799.0,15799.0,14922.0,24462.0,3021.0,14922.0,0.17,0.17,0.16,-1016.0,25783.0,-1997.0,59174.0,15799.0,STARK,1
2004-06-30,124996.0,8063.0,16985.0,25048.0,124996.0,-2781.0,8107.0,34065.0,-1566.0,16985.0,72559.0,16985.0,0.18,97967.0,0.18,93704.0,0.0,-2781.0,25186.0,0.18,26836.0,93704.0,26476.0,16985.0,16985.0,17079.0,27167.0,3108.0,17079.0,0.18,0.18,0.18,-1566.0,27029.0,-1981.0,72559.0,16985.0,STARK,1
2004-09-30,106356.0,4784.0,2863.0,7647.0,106356.0,-2781.0,6319.0,21826.0,-2474.0,2863.0,69285.0,2863.0,0.06,96762.0,0.03,93704.0,0.0,-2781.0,12032.0,0.03,25566.0,93704.0,25386.0,2863.0,2863.0,5713.0,13979.0,3162.0,5713.0,0.03,0.03,0.06,-2474.0,9594.0,-1947.0,69285.0,2863.0,STARK,1
2004-12-31,143632.0,10943.0,23821.0,34764.0,143632.0,-2781.0,9771.0,45739.0,-1231.0,23821.0,75419.0,23821.0,0.23,107071.0,0.25,93704.0,0.27,-2781.0,31040.0,0.25,36607.0,93704.0,37147.0,23821.0,23821.0,21269.0,32837.0,3209.0,21269.0,0.25,0.25,0.23,-1231.0,36561.0,-1797.0,75419.0,23821.0,STARK,1
2005-03-31,176782.0,12190.0,19356.0,31546.0,176782.0,-2781.0,12406.0,42205.0,-2354.0,19356.0,107123.0,19356.0,0.2,143364.0,0.19,100992.0,0.0,-2781.0,32106.0,0.19,38035.0,100992.0,37855.0,19356.0,19356.0,19700.0,33978.0,3066.0,19700.0,0.19,0.19,0.2,-2354.0,33418.0,-1872.0,107123.0,19356.0,STARK,1
2005-06-30,168510.0,7566.0,19206.0,26772.0,168510.0,-2781.0,7537.0,37160.0,-2960.0,19206.0,106618.0,19206.0,0.16,140484.0,0.16,116727.0,0.0,-2781.0,26670.0,0.16,36928.0,116727.0,36748.0,19206.0,19206.0,19133.0,27924.0,2997.0,19133.0,0.16,0.16,0.16,-2960.0,28026.0,-1254.0,106618.0,19206.0,STARK,1
2005-09-30,150988.0,6033.0,7075.0,13108.0,150988.0,-2781.0,6118.0,23868.0,-2783.0,7075.0,95117.0,7075.0,0.05,136450.0,0.05,132288.0,0.0,-2781.0,13293.0,0.05,43931.0,132288.0,43751.0,7075.0,7075.0,7175.0,14723.0,3163.0,7175.0,0.05,0.05,0.05,-2783.0,14538.0,-1430.0,95117.0,7075.0,STARK,1
2005-12-31,160721.0,578.0,-2367.0,-1789.0,160721.0,-2781.0,353.0,7685.0,-2279.0,-2367.0,97834.0,-2367.0,-0.02,160575.0,-0.02,148279.0,0.07,-2781.0,-2432.0,-0.02,65663.0,148279.0,65483.0,-2367.0,-2367.0,-2785.0,-497.0,3274.0,-2785.0,-0.02,-0.02,-0.02,-2279.0,146.0,-1935.0,97834.0,-2367.0,STARK,1
2006-03-31,130440.0,2680.0,3466.0,6146.0,130440.0,-2781.0,2680.0,14055.0,-4748.0,3466.0,84905.0,3466.0,0.03,121816.0,0.03,132288.0,0.0,-2781.0,6146.0,0.03,41659.0,132288.0,41479.0,3466.0,3466.0,3466.0,8624.0,3247.0,3466.0,0.03,0.03,0.03,-4748.0,8624.0,-2478.0,84905.0,3466.0,STARK,1
2006-06-30,137785.0,2010.0,3398.0,5408.0,137785.0,-2781.0,12827.0,45921.0,-11522.0,3398.0,89548.0,3398.0,0.15,129724.0,0.03,133742.0,0.0,-2781.0,32057.0,0.03,25049.0,133742.0,24869.0,3398.0,3398.0,19230.0,34710.0,3241.0,19230.0,0.03,0.03,0.15,-11522.0,8061.0,-2653.0,89548.0,3398.0,STARK,1
2006-09-30,145103.0,834.0,-23880.0,-23046.0,145103.0,-2781.0,2387.0,-459.0,-7921.0,-23880.0,101563.0,-23880.0,-0.16,164659.0,-0.18,132288.0,0.0,-2781.0,-18610.0,-0.18,66581.0,132288.0,66401.0,-23880.0,-23880.0,-20997.0,-15120.0,3280.0,-20997.0,-0.18,-0.18,-0.16,-7921.0,-19556.0,-3490.0,101563.0,-23880.0,STARK,1
2006-12-31,98856.0,-5524.0,-18062.0,-23586.0,98856.0,-2781.0,-16404.0,-49799.0,-8968.0,-18062.0,87787.0,-18062.0,-0.29,119418.0,-0.14,132288.0,0.0,-2781.0,-54671.0,-0.14,82498.0,132288.0,82843.0,-18062.0,-18062.0,-38267.0,-62461.0,3274.0,-38267.0,-0.14,-0.14,-0.29,-8968.0,-20562.0,-3024.0,87787.0,-18062.0,STARK,1
2007-03-31,147431.0,2803.0,-5877.0,-3074.0,147431.0,-2781.0,5286.0,19147.0,-3439.0,-5877.0,100419.0,-5877.0,-0.01,147471.0,-0.04,132288.0,0.0,-2781.0,4021.0,-0.04,43396.0,132288.0,43216.0,-5877.0,-5877.0,-1265.0,7055.0,3161.0,-1265.0,-0.04,-0.04,-0.01,-3439.0,-40.0,-3034.0,100419.0,-5877.0,STARK,1
2007-06-30,154839.0,1963.0,2045.0,4008.0,154839.0,-2781.0,3643.0,17763.0,969.0,2045.0,97015.0,2045.0,0.04,147370.0,0.02,133742.0,0.0,-2781.0,8807.0,0.02,44587.0,133742.0,44247.0,2045.0,2045.0,5164.0,12268.0,3226.0,5164.0,0.02,0.02,0.04,969.0,7469.0,-3461.0,97015.0,2045.0,STARK,1
2007-09-30,120679.0,-321.0,211.0,-110.0,120679.0,-2781.0,-321.0,8414.0,-1716.0,211.0,89694.0,211.0,0.0,117898.0,0.0,132288.0,0.0,-2781.0,-110.0,0.0,29920.0,132288.0,29710.0,211.0,211.0,211.0,2781.0,3059.0,211.0,0.0,0.0,0.0,-1716.0,2781.0,-2891.0,89694.0,211.0,STARK,1
2007-12-31,132115.0,-4445.0,-21834.0,-26279.0,132115.0,-2781.0,-4908.0,-19270.0,-1654.0,-21834.0,112380.0,-21834.0,-0.17,154822.0,-0.17,132288.0,0.0,-2781.0,-27603.0,-0.17,45420.0,132288.0,45210.0,-21834.0,-21834.0,-22695.0,-24031.0,2731.0,-22695.0,-0.17,-0.17,-0.17,-1654.0,-22707.0,-3572.0,112380.0,-21834.0,STARK,1
2008-03-31,81885.0,0.0,-26967.0,-26967.0,81885.0,-2781.0,0.0,-18284.0,-2805.0,-26967.0,70404.0,-26967.0,-0.2,105588.0,-0.2,132288.0,0.0,-2781.0,-26967.0,-0.2,37989.0,132288.0,37989.0,-26967.0,-26967.0,-26967.0,-23703.0,2751.0,-26967.0,-0.2,-0.2,-0.2,-2805.0,-23703.0,-3264.0,70404.0,-26967.0,STARK,1
2008-06-30,111220.0,0.0,-19629.0,-19629.0,111220.0,-2781.0,0.0,-8926.0,57.0,-19629.0,92686.0,-19629.0,-0.15,127660.0,-0.15,133742.0,0.0,-2781.0,-19629.0,-0.15,34917.0,133742.0,34917.0,-19629.0,-19629.0,-19629.0,-16440.0,2727.0,-19629.0,-0.15,-0.15,-0.15,57.0,-16440.0,-3189.0,92686.0,-19629.0,STARK,1
2008-09-30,123405.0,0.0,-36668.0,-36668.0,123405.0,-2781.0,0.0,-26299.0,-1474.0,-36668.0,120676.0,-36668.0,-0.28,157281.0,-0.28,132288.0,0.0,-2781.0,-36668.0,-0.28,38079.0,132288.0,38079.0,-36668.0,-36668.0,-36668.0,-33876.0,2760.0,-36668.0,-0.28,-0.28,-0.28,-1474.0,-33876.0,-2792.0,120676.0,-36668.0,STARK,1
2008-12-31,134375.0,0.0,-19587.0,-19587.0,134375.0,-2781.0,0.0,21421.0,-2437.0,-19587.0,117916.0,-19587.0,-0.15,151083.0,-0.15,132288.0,0.0,-2781.0,-19587.0,-0.15,35604.0,132288.0,23389.0,-19587.0,-19587.0,-19587.0,-16708.0,2759.0,-19587.0,-0.15,-0.15,-0.15,-2437.0,-16708.0,-2879.0,117916.0,-19587.0,STARK,1
2009-03-31,139887.0,0.0,6104.0,6104.0,139887.0,-2781.0,0.0,14465.0,-906.0,6104.0,101612.0,6104.0,0.05,131266.0,0.05,132288.0,0.0,-2781.0,6104.0,0.05,30560.0,132288.0,28040.0,6104.0,6104.0,6104.0,8621.0,2692.0,6104.0,0.05,0.05,0.05,-906.0,8621.0,-2517.0,101612.0,6104.0,STARK,1
2009-06-30,135602.0,0.0,5861.0,5861.0,135602.0,-2781.0,0.0,13955.0,-3042.0,5861.0,100035.0,5861.0,0.04,127419.0,0.04,132288.0,0.0,-2781.0,5861.0,0.04,30426.0,132288.0,28110.0,5861.0,5861.0,5861.0,8182.0,2777.0,5861.0,0.04,0.04,0.04,-3042.0,8182.0,-2322.0,100035.0,5861.0,STARK,1
2009-09-30,123768.0,0.0,147.0,147.0,123768.0,-2781.0,0.0,5143.0,-6124.0,147.0,96521.0,147.0,0.0,121427.0,0.0,132288.0,0.0,-2781.0,147.0,0.0,31029.0,132288.0,28760.0,147.0,147.0,147.0,2341.0,2802.0,147.0,0.0,0.0,0.0,-6124.0,2341.0,-2194.0,96521.0,147.0,STARK,1
2009-12-31,171414.0,0.0,12213.0,12213.0,171414.0,-2781.0,0.0,55358.0,-5026.0,12213.0,127282.0,12213.0,0.09,156979.0,0.09,132288.0,0.0,-2781.0,12213.0,0.09,34723.0,132288.0,24186.0,12213.0,12213.0,12213.0,14435.0,2810.0,12213.0,0.09,0.09,0.09,-5026.0,14435.0,-2222.0,127282.0,12213.0,STARK,1
2010-03-31,132603.0,0.0,4728.0,4728.0,132603.0,-2781.0,0.0,17815.0,-1771.0,4728.0,93626.0,4728.0,0.04,125782.0,0.04,132288.0,0.0,-2781.0,4728.0,0.04,33927.0,132288.0,31620.0,4728.0,4728.0,4728.0,6821.0,2958.0,4728.0,0.04,0.04,0.04,-1771.0,6821.0,-2093.0,93626.0,4728.0,STARK,1
2010-06-30,140851.0,0.0,6174.0,6174.0,140851.0,-2781.0,0.0,16739.0,-1584.0,6174.0,101711.0,6174.0,0.05,132753.0,0.05,132288.0,0.0,-2781.0,6174.0,0.05,32626.0,132288.0,30116.0,6174.0,6174.0,6174.0,8098.0,3033.0,6174.0,0.05,0.05,0.05,-1584.0,8098.0,-1924.0,101711.0,6174.0,STARK,1
2010-09-30,135611.0,0.0,1428.0,1428.0,135611.0,-2781.0,0.0,11496.0,-2014.0,1428.0,100418.0,1428.0,0.01,132102.0,0.01,132288.0,0.0,-2781.0,1428.0,0.01,33697.0,132288.0,31222.0,1428.0,1428.0,1428.0,3509.0,3267.0,1428.0,0.01,0.01,0.01,-2014.0,3509.0,-2081.0,100418.0,1428.0,STARK,1
2010-12-31,159105.0,0.0,2437.0,2437.0,159105.0,-2781.0,0.0,13801.0,-3590.0,2437.0,121037.0,2437.0,0.02,154402.0,0.02,132288.0,0.04,-2781.0,2437.0,0.02,36955.0,132288.0,44248.0,2437.0,2437.0,2437.0,4703.0,3301.0,2437.0,0.02,0.02,0.02,-3590.0,4703.0,-2266.0,121037.0,2437.0,STARK,1
2011-03-31,150044.0,0.0,2824.0,2824.0,150044.0,-2781.0,0.0,18663.5,-3363.0,2824.0,111721.0,2824.0,0.02,144884.0,0.02,132288.0,0.0,-2781.0,2824.0,0.02,36526.0,132288.0,36526.0,2824.0,2824.0,2824.0,5159.0,4436.5,2824.0,0.02,0.02,0.02,-3363.0,5159.0,-2336.0,111721.0,2824.0,STARK,1
2011-06-30,160027.0,0.0,733.0,733.0,160027.0,-2781.0,0.0,18663.5,-2991.0,733.0,124737.0,733.0,0.01,156186.0,0.01,132288.0,0.0,-2781.0,733.0,0.01,34440.0,132288.0,34440.0,733.0,733.0,733.0,3841.0,4436.5,733.0,0.01,0.01,0.01,-2991.0,3841.0,-3108.0,124737.0,733.0,STARK,1
2011-09-30,159232.0,0.0,3864.0,3864.0,159232.0,-2781.0,0.0,18663.5,-1596.0,3864.0,114383.0,3864.0,0.03,152094.0,0.03,132288.0,0.0,-2781.0,3864.0,0.03,39306.0,132288.0,39306.0,3864.0,3864.0,3864.0,7138.0,4436.5,3864.0,0.03,0.03,0.03,-1596.0,7138.0,-3274.0,114383.0,3864.0,STARK,1
2011-12-31,153528.0,0.0,247.0,247.0,153528.0,-2781.0,0.0,18663.5,-4493.0,247.0,115906.0,247.0,0.0,149749.0,0.0,132288.0,0.04,-2781.0,247.0,0.0,38335.0,132288.0,38335.0,247.0,247.0,247.0,3780.0,4436.5,247.0,0.0,0.0,0.0,-4493.0,3780.0,-3533.0,115906.0,247.0,STARK,1
2012-03-31,175931.0,3533.0,13277.0,16810.0,175931.0,-2781.0,3533.0,30727.0,-1740.0,13277.0,116661.0,13277.0,0.1,155423.0,0.1,138259.0,0.0,-2781.0,16810.0,0.1,40502.0,138259.0,40502.0,13277.0,13277.0,13277.0,20509.0,3740.0,13277.0,0.1,0.1,0.1,-1740.0,20509.0,-3699.0,116661.0,13277.0,STARK,1
2012-06-30,198642.0,3605.0,14031.0,17636.0,198642.0,-2781.0,3605.0,31400.0,-1775.0,14031.0,134847.0,14031.0,0.1,177430.0,0.1,138259.0,0.0,-2781.0,17636.0,0.1,44358.0,138259.0,44358.0,14031.0,14031.0,14031.0,21212.0,3852.0,14031.0,0.1,0.1,0.1,-1775.0,21212.0,-3576.0,134847.0,14031.0,STARK,1
2012-09-30,173368.0,-738.0,-3928.0,-4666.0,173368.0,-2781.0,-738.0,8940.0,-2651.0,-3928.0,116675.0,-3928.0,-0.03,174426.0,-0.03,132316.0,0.0,-2781.0,-4666.0,-0.03,60402.0,132316.0,60402.0,-3928.0,-3928.0,-3928.0,-1058.0,4405.0,-3928.0,-0.03,-0.03,-0.03,-2651.0,-1058.0,-3608.0,116675.0,-3928.0,STARK,1
2012-12-31,186008.0,949.0,3894.0,4843.0,186008.0,-2781.0,949.0,18208.0,-2710.0,3894.0,129726.0,3894.0,0.03,177622.0,0.03,151928.0,0.01,-2781.0,4843.0,0.03,50606.0,151928.0,50606.0,3894.0,3894.0,3894.0,8386.0,4468.0,3894.0,0.03,0.03,0.03,-2710.0,8386.0,-3543.0,129726.0,3894.0,STARK,1
2013-03-31,172771.0,2651.0,9683.0,12334.0,172771.0,-2781.0,2651.0,26709.0,-3100.0,9683.0,111595.0,9683.0,0.06,156822.0,0.06,153505.0,0.0,-2781.0,12334.0,0.07,48327.0,138222.0,48327.0,9683.0,9683.0,9683.0,15949.0,4371.0,9683.0,0.06,0.07,0.07,-3100.0,15949.0,-3615.0,111595.0,9683.0,STARK,1
2013-06-30,178818.0,2367.0,14192.0,16550.0,178818.0,-2781.0,2367.0,19231.0,-1754.0,14192.0,116753.0,14183.0,0.09,157870.0,0.09,161764.0,0.0,-2781.0,16550.0,0.1,42871.0,140746.0,42871.0,14192.0,14192.0,14183.0,20948.0,4671.0,14192.0,0.09,0.1,0.1,-1754.0,20948.0,-4398.0,116753.0,14192.0,STARK,1
2013-09-30,167898.0,1829.0,1911.0,3730.0,167898.0,11.0,1829.0,19119.0,-2293.0,1911.0,115237.0,1901.0,0.01,159592.0,0.01,156888.0,0.0,11.0,3730.0,0.01,46649.0,138722.0,46649.0,1911.0,1911.0,1901.0,8306.0,4982.0,1911.0,0.01,0.01,0.01,-2293.0,8306.0,-4576.0,115237.0,1911.0,STARK,1
2013-12-31,166026.0,2842.0,-8328.0,-5496.0,166026.0,10.0,2842.0,4864.0,-2945.0,-8328.0,117198.0,-8338.0,-0.06,166492.0,-0.06,138721.0,0.04,10.0,-5496.0,-0.06,52239.0,138721.0,52239.0,-8328.0,-8328.0,-8338.0,-467.0,5331.0,-8328.0,-0.06,-0.06,-0.06,-2945.0,-467.0,-5029.0,117198.0,-8328.0,STARK,1
2014-03-31,169031.0,-2171.0,-9594.0,-11777.0,169031.0,12.0,-2171.0,18663.5,-2069.0,-9594.0,131488.0,-9606.0,-0.06,175623.0,-0.06,149308.0,0.0,12.0,-11777.0,-0.06,46204.0,149308.0,46204.0,-9594.0,-9594.0,-9606.0,-6592.0,4436.5,-9594.0,-0.06,-0.06,-0.06,-2069.0,-6592.0,-5185.0,131488.0,-9594.0,STARK,1
2014-06-30,177305.0,1379.0,5189.0,6573.0,177305.0,-5.0,1379.0,18663.5,-2897.0,5189.0,122889.0,5194.0,0.03,165100.0,0.03,149308.0,0.0,-5.0,6573.0,0.03,45108.0,149308.0,45108.0,5189.0,5189.0,5194.0,12205.0,4436.5,5189.0,0.03,0.03,0.03,-2897.0,12205.0,-5632.0,122889.0,5189.0,STARK,1
2014-09-30,164086.0,782.0,2665.0,3453.0,164086.0,-6.0,782.0,15510.0,-2840.0,2665.0,108156.0,2671.0,0.02,154637.0,0.02,149309.0,0.0,-6.0,3453.0,0.02,49321.0,149309.0,49321.0,2665.0,2665.0,2671.0,9449.0,6061.0,2665.0,0.02,0.02,0.02,-2840.0,9449.0,-5996.0,108156.0,2665.0,STARK,1
2014-12-31,173543.0,-1834.0,-6493.0,-8362.0,173543.0,34.0,-1834.0,3917.0,-5629.0,-6493.0,135076.0,-6527.0,-0.04,175677.0,-0.04,149309.0,0.0,34.0,-8362.0,-0.04,46229.0,149309.0,46229.0,-6493.0,-6493.0,-6527.0,-2134.0,6051.0,-6493.0,-0.04,-0.04,-0.04,-5629.0,-2134.0,-6227.0,135076.0,-6493.0,STARK,1
2015-03-31,158014.0,1141.0,4025.0,5165.0,158014.0,-2781.0,1141.0,24114.0,-3016.0,4025.0,110235.0,4025.0,0.03,146673.0,0.03,149309.0,0.0,-2781.0,5165.0,0.03,39454.0,149309.0,39454.0,4025.0,4025.0,4025.0,11341.0,5864.0,4025.0,0.03,0.03,0.03,-3016.0,11341.0,-6175.0,110235.0,4025.0,STARK,1
2015-06-30,130766.0,1005.0,-9550.0,-8544.0,130766.0,-2781.0,1005.0,3425.0,-1292.0,-9550.0,96480.0,-9550.0,-0.06,132704.0,-0.06,149309.0,0.0,-2781.0,-8544.0,-0.06,37515.0,149309.0,37515.0,-9550.0,-9550.0,-9550.0,-1937.0,5362.0,-9550.0,-0.06,-0.06,-0.06,-1292.0,-1937.0,-6607.0,96480.0,-9550.0,STARK,1
2015-09-30,113169.0,-2452.0,-12412.0,-14864.0,113169.0,-2781.0,-2452.0,-1972.0,-831.0,-12412.0,86317.0,-12412.0,-0.08,120724.0,-0.08,149309.0,0.0,-2781.0,-14864.0,-0.08,35239.0,149309.0,35239.0,-12412.0,-12412.0,-12412.0,-7556.0,5584.0,-12412.0,-0.08,-0.08,-0.08,-831.0,-7556.0,-7308.0,86317.0,-12412.0,STARK,1
2015-12-31,103728.0,-12387.0,-18861.0,-31248.0,103728.0,0.0,-12387.0,-18104.0,-3219.0,-18861.0,94274.0,-18861.0,-0.13,127325.0,-0.13,149309.0,0.0,0.0,-31248.0,-0.13,36270.0,149309.0,36270.0,-18861.0,-18861.0,-18861.0,-23597.0,5493.0,-18861.0,-0.13,-0.13,-0.13,-3219.0,-23597.0,-7651.0,94274.0,-18861.0,STARK,1
2016-03-31,123622.0,-5949.0,-25977.0,-31926.0,123622.0,-2781.0,-5949.0,-18969.0,-6711.0,-25977.0,118507.0,-25977.0,-0.17,147903.0,-0.17,149309.0,0.0,-2781.0,-31926.0,-0.17,36107.0,149309.0,36107.0,-25977.0,-25977.0,-25977.0,-24281.0,5312.0,-25977.0,-0.17,-0.17,-0.17,-6711.0,-24281.0,-7645.0,118507.0,-25977.0,STARK,1
2016-06-30,111011.0,-4087.0,-16956.0,-21043.0,111011.0,-2781.0,-4087.0,-7993.0,-2202.0,-16956.0,95645.0,-16956.0,-0.11,124179.0,-0.11,149309.0,0.0,-2781.0,-21043.0,-0.11,30736.0,149309.0,30736.0,-16956.0,-16956.0,-16956.0,-13168.0,5175.0,-16956.0,-0.11,-0.11,-0.11,-2202.0,-13168.0,-7875.0,95645.0,-16956.0,STARK,1
2016-09-30,89308.0,0.0,-36063.0,-36063.0,89308.0,-2781.0,0.0,-22777.0,-699.0,-36063.0,81890.0,-36063.0,-0.24,117214.0,-0.24,149308.0,0.0,-2781.0,-36063.0,-0.24,36024.0,149308.0,36024.0,-36063.0,-36063.0,-36063.0,-27907.0,5130.0,-36063.0,-0.24,-0.24,-0.24,-699.0,-27907.0,-8156.0,81890.0,-36063.0,STARK,1
2016-12-31,53075.0,935.0,-79552.0,-78618.0,53075.0,-2781.0,935.0,-65738.0,-3082.0,-79552.0,104635.0,-79552.0,-0.53,123796.0,-0.53,149309.0,0.0,-2781.0,-78618.0,-0.53,22243.0,149309.0,22243.0,-79552.0,-79552.0,-79552.0,-70720.0,4982.0,-79552.0,-0.53,-0.53,-0.53,-3082.0,-70720.0,-7898.0,104635.0,-79552.0,STARK,1
2017-03-31,84125.0,13324.0,-37831.0,-24507.0,84125.0,-2781.0,13324.0,-12220.0,-1114.0,-37831.0,81802.0,-37831.0,-0.23,101189.0,-0.23,167001.0,0.0,-2781.0,-24507.0,-0.23,20501.0,167001.0,20501.0,-37831.0,-37831.0,-37831.0,-17064.0,4844.0,-37831.0,-0.23,-0.23,-0.23,-1114.0,-17064.0,-7443.0,81802.0,-37831.0,STARK,1
2017-06-30,113933.0,-341.0,-29046.0,-29387.0,113933.0,-2781.0,-341.0,-16892.0,-2831.0,-29046.0,107988.0,-29046.0,-0.17,135635.0,-0.17,167001.0,0.0,-2781.0,-29387.0,-0.17,30477.0,167001.0,30477.0,-29046.0,-29046.0,-29046.0,-21702.0,4810.0,-29046.0,-0.17,-0.17,-0.17,-2831.0,-21702.0,-7685.0,107988.0,-29046.0,STARK,1
2017-09-30,138742.0,3274.0,22503.0,25777.0,138742.0,-2781.0,3274.0,38217.0,-7423.0,22503.0,83645.0,22503.0,0.13,105187.0,0.13,167001.0,0.0,-2781.0,25777.0,0.13,28965.0,167001.0,28965.0,22503.0,22503.0,22503.0,33555.0,4662.0,22503.0,0.13,0.13,0.13,-7423.0,33555.0,-7778.0,83645.0,22503.0,STARK,1
2017-12-31,102240.0,-2089.0,-34376.0,-36465.0,102240.0,-2781.0,-2089.0,-24597.0,-655.0,-34376.0,85987.0,-34376.0,-0.21,130938.0,-0.21,167001.0,0.0,-2781.0,-36465.0,-0.21,45606.0,167001.0,45606.0,-34376.0,-34376.0,-34376.0,-28698.0,4101.0,-34376.0,-0.21,-0.21,-0.21,-655.0,-28698.0,-7767.0,85987.0,-34376.0,STARK,1
2018-03-31,104163.0,-37.0,-3696.0,-3733.0,104163.0,0.0,-37.0,5800.0,-3257.0,-3696.0,80552.0,-3696.0,-0.02,101243.0,-0.02,173609.0,0.0,0.0,-3733.0,-0.02,23948.0,173609.0,23948.0,-3696.0,-3696.0,-3696.0,2920.0,2880.0,-3696.0,-0.02,-0.02,-0.02,-3257.0,2920.0,-6653.0,80552.0,-3696.0,STARK,1
2018-06-30,3998407.0,57306.0,145383.0,218424.0,3998407.0,-15735.0,57306.0,309484.0,-206.0,145383.0,3494784.0,161118.0,0.87,3699857.0,0.87,162226.0,0.0,-15735.0,218424.0,0.87,205279.0,162226.0,205279.0,145383.0,145383.0,161118.0,298549.0,2627.0,145383.0,0.87,0.87,0.87,-206.0,298549.0,-80126.0,3494784.0,145383.0,STARK,1
2018-09-30,3053517.0,60464.0,91960.0,160723.0,3053517.0,-8299.0,60464.0,370050.0,-1894.0,91960.0,2703538.0,100259.0,0.55,2808968.0,0.55,167000.0,0.0,-8299.0,160723.0,0.55,107324.0,167000.0,107324.0,91960.0,91960.0,100259.0,244548.0,120293.0,91960.0,0.55,0.55,0.55,-1894.0,244548.0,-83825.0,2703538.0,91960.0,STARK,1
2018-12-31,4698392.0,64603.0,128355.0,332093.0,4698392.0,-139135.0,64603.0,476846.0,-4414.0,128355.0,4086266.0,267490.0,0.77,4261697.0,0.77,167015.0,0.0,-139135.0,332093.0,0.77,179845.0,167015.0,179845.0,128355.0,128355.0,267490.0,436695.0,38398.0,128355.0,0.77,0.77,0.77,-4414.0,436695.0,-104602.0,4086266.0,128355.0,STARK,1
2019-03-31,2765937.0,46449.0,124574.0,208231.0,2765937.0,-37209.0,46449.0,330557.0,-1819.0,124574.0,2365900.0,161782.0,0.75,2446397.0,0.75,167019.0,0.0,-37209.0,208231.0,0.75,116287.0,167019.0,116287.0,124574.0,124574.0,161782.0,285569.0,43280.0,124574.0,0.75,0.75,0.75,-1819.0,319540.0,-111309.0,2365900.0,124574.0,STARK,1
2019-06-30,2997752.0,34749.0,8097.0,59238.0,2997752.0,-16393.0,34749.0,180276.0,-2080.0,8097.0,2712020.0,24489.0,0.05,2830502.0,0.05,167019.0,0.0,-16393.0,59238.0,0.05,153743.0,167019.0,153743.0,8097.0,8097.0,24489.0,134069.0,44458.0,8097.0,0.05,0.05,0.05,-2080.0,167251.0,-108013.0,2712020.0,8097.0,STARK,1
2019-09-30,2798259.0,33497.0,-81084.0,7669.0,2798259.0,-39474.0,90353.0,282355.0,-2087.0,-65302.0,2407187.0,-25828.0,0.0,2684071.0,-0.01,10151630.0,0.0,-39474.0,170116.0,-0.01,158131.0,10151630.0,158131.0,-65302.0,-81084.0,79763.0,235028.0,45550.0,40288.0,-0.01,-0.01,0.0,-2087.0,114188.0,-106519.0,2407187.0,-81084.0,STARK,1
2019-12-31,2966904.0,30672.0,72337.0,127834.0,2966904.0,-24824.0,30672.0,221220.0,-4201.0,72337.0,2617547.0,97161.0,0.02,2749418.0,0.02,4191030.0,0.0,-24824.0,127834.0,0.02,179279.0,4191030.0,179279.0,72337.0,72337.0,97161.0,174279.0,45167.0,72337.0,0.02,0.02,0.02,-4201.0,217485.0,-89652.0,2617547.0,72337.0,STARK,1
2020-03-31,3021651.0,79439.0,260933.0,342292.0,3021651.0,-1921.0,79439.0,392051.0,-21456.0,260933.0,2569849.0,262854.0,0.02,2567248.0,0.02,11906405.0,0.0,-1921.0,342292.0,0.02,128678.0,11906405.0,128678.0,260933.0,260933.0,262854.0,325220.0,65080.0,260933.0,0.02,0.02,0.02,-2096.0,454403.0,-92751.0,2569849.0,260933.0,STARK,1
2020-06-30,4239784.0,122978.0,426942.0,552970.0,4239784.0,-3050.0,122978.0,621025.0,-38564.0,426942.0,3543654.0,429992.0,0.04,3494854.0,0.04,11906405.0,0.0,-3050.0,552970.0,0.04,214276.0,11906405.0,214276.0,426942.0,426942.0,429992.0,516144.0,102912.0,426942.0,0.04,0.04,0.04,-34291.0,744930.0,-187687.0,3543654.0,426942.0,STARK,1
2020-09-30,4655172.0,75002.0,395476.0,473260.0,4655172.0,-2781.0,75002.0,776786.0,5689.0,395476.0,3777383.0,398258.0,0.03,4016715.0,0.03,11906405.0,0.0,-2781.0,473260.0,0.03,207898.0,11906405.0,207898.0,395476.0,395476.0,398258.0,675604.0,99180.0,395476.0,0.03,0.03,0.03,-5713.0,638457.0,-176599.0,3777383.0,395476.0,STARK,1
2020-12-31,4941430.0,123486.0,437409.0,563226.0,4941430.0,-2331.0,123486.0,603718.0,28487.0,437409.0,4084302.0,439740.0,0.04,4222680.0,0.04,11906405.0,0.0,-2331.0,563226.0,0.04,314737.0,11906405.0,314737.0,437409.0,437409.0,439740.0,540900.0,60888.0,437409.0,0.04,0.04,0.04,1491.0,718750.0,-182520.0,4084302.0,437409.0,STARK,1
2021-03-31,4655342.0,126638.0,438076.0,567757.0,4655342.0,-3043.0,126638.0,889132.0,6239.0,438076.0,3603071.0,441120.0,0.04,3912735.0,0.04,11906405.0,0.0,-3043.0,567757.0,0.04,260182.0,11906405.0,260182.0,438076.0,438076.0,441120.0,797529.0,89772.0,438076.0,0.04,0.04,0.04,-5439.0,742607.0,-186528.0,3603071.0,438076.0,STARK,1
2021-06-30,5252311.0,97435.0,524445.0,625308.0,5252311.0,-3427.0,97435.0,716801.0,216994.0,524445.0,4382904.0,527872.0,0.04,4644349.0,0.04,11906405.0,0.0,-3427.0,625308.0,0.04,257670.0,11906405.0,257670.0,524445.0,524445.0,527872.0,620102.0,94922.0,524445.0,0.04,0.04,0.04,-8366.0,607961.0,-208014.0,4382904.0,524445.0,STARK,1
2021-09-30,9777231.0,291312.0,912508.0,1206774.0,9777231.0,-2954.0,291312.0,1737003.0,-81174.0,912508.0,7880028.0,915462.0,0.08,8238226.0,0.08,11906405.0,0.0,-2954.0,1206774.0,0.08,272727.0,11906405.0,272727.0,912508.0,912508.0,915462.0,1627563.0,107525.0,912508.0,0.08,0.08,0.08,-3086.0,1539005.0,-254143.0,7880028.0,912508.0,STARK,1
2021-12-31,-582283.0,218888.0,-7840464.0,-7654875.0,-582283.0,33298.0,218888.0,-7275329.0,3095.0,-7840464.0,5813514.0,-7873762.0,-0.66,6641452.0,-0.66,12168084.0,0.0,33298.0,-7654875.0,-0.66,893501.0,12168084.0,893501.0,-7840464.0,-7840464.0,-7873762.0,-7377405.0,100408.0,-7840464.0,-0.66,-0.66,-0.66,88107.0,-7223734.0,-272190.0,5813514.0,-7840464.0,STARK,1
2022-03-31,6176008.0,226915.0,569793.0,808625.0,6176008.0,-11917.0,226915.0,948925.0,798.0,569793.0,4991707.0,581710.0,0.05,5126487.0,0.05,11906405.0,0.0,-11917.0,808625.0,0.05,338284.0,11906405.0,338284.0,569793.0,569793.0,581710.0,847609.0,101163.0,569793.0,0.05,0.05,0.05,-1591.0,1049521.0,-243285.0,4991707.0,569793.0,STARK,1
2022-06-30,7332142.0,270007.0,690638.0,958746.0,7332142.0,1898.0,270007.0,1299136.0,16178.0,690638.0,5732315.0,688739.0,0.06,5889392.0,0.06,11906405.0,0.0,1898.0,958746.0,0.06,438109.0,11906405.0,438109.0,690638.0,690638.0,688739.0,1164171.0,134880.0,690638.0,0.06,0.06,0.06,-2453.0,1442750.0,-502635.0,5732315.0,690638.0,STARK,1
2022-09-30,8344211.0,236506.0,956035.0,1198850.0,8344211.0,-6309.0,236896.0,2060280.0,-54738.0,956035.0,6016737.0,962344.0,0.08,6837936.0,0.08,11906405.0,0.0,-6309.0,1200826.0,0.08,368120.0,11906405.0,368120.0,956035.0,956035.0,963930.0,1962039.0,97900.0,957622.0,0.08,0.08,0.08,-709.0,1506275.0,-253396.0,6016737.0,956035.0,STARK,1
2022-12-31,3410997.0,-310025.0,-8828597.0,-9193963.0,3410997.0,55341.0,-305675.0,-8698361.0,25812.0,-8828597.0,8389645.0,-8883938.0,-0.66,12247242.0,-0.66,13320104.0,0.0,55341.0,-9181535.0,-0.66,1649075.0,13320104.0,1649075.0,-8828597.0,-8828597.0,-8875860.0,-8838765.0,140404.0,-8820518.0,-0.66,-0.66,-0.66,2223470.0,-8836245.0,-390727.0,8389645.0,-8828597.0,STARK,1
2010-03-31,85157.0,3907.0,8828.0,12735.0,85157.0,1042.5,3907.0,15060.0,-1072.0,8828.0,62007.0,8828.0,0.03,72099.0,0.03,336001.0,0.0,1042.5,12735.0,0.03,11163.0,336001.0,9957.0,8828.0,8828.0,8828.0,13058.0,2002.0,8828.0,0.03,0.03,0.03,-1072.0,13058.0,-323.0,62007.0,8828.0,TMIm,0
2010-06-30,74443.0,-13.0,3981.0,3968.0,74443.0,1042.5,-13.0,6446.0,-711.0,3981.0,55963.0,3981.0,0.01,70110.0,0.01,407386.0,0.0,1042.5,3968.0,0.01,14859.0,407386.0,12901.0,3981.0,3981.0,3981.0,4333.0,2113.0,3981.0,0.01,0.01,0.01,-711.0,4333.0,-364.0,55963.0,3981.0,TMIm,0
2010-09-30,85323.0,2178.0,4964.0,7143.0,85323.0,1042.5,2178.0,9547.0,-599.0,4964.0,64482.0,4964.0,0.01,78019.0,0.01,448001.0,0.0,1042.5,7143.0,0.01,14136.0,448001.0,12947.0,4964.0,4964.0,4964.0,7305.0,2242.0,4964.0,0.01,0.01,0.01,-599.0,7305.0,-162.0,64482.0,4964.0,TMIm,0
2010-12-31,99964.0,3151.0,6664.0,9815.0,99964.0,1042.5,3151.0,12285.0,-1444.0,6664.0,75522.0,6664.0,0.01,89986.0,0.01,600617.0,0.04,1042.5,9815.0,0.01,15908.0,600617.0,14726.0,6664.0,6664.0,6664.0,9978.0,2307.0,6664.0,0.01,0.01,0.01,-1444.0,9978.0,-163.0,75522.0,6664.0,TMIm,0
2011-03-31,85144.0,918.0,7332.0,8251.0,85144.0,1042.5,918.0,10771.0,-1319.0,7332.0,62804.0,7332.0,0.02,76741.0,0.02,448001.0,0.0,1042.5,8251.0,0.02,15256.0,448001.0,13809.0,7332.0,7332.0,7332.0,8403.0,2216.0,7332.0,0.02,0.02,0.02,-1319.0,8403.0,-152.0,62804.0,7332.0,TMIm,0
2011-06-30,80447.0,334.0,2959.0,3294.0,80447.0,1042.5,334.0,8242.0,-1011.0,2959.0,60977.0,2959.0,0.01,76528.0,0.01,302770.0,0.0,1042.5,3294.0,0.01,16563.0,302770.0,18010.0,2959.0,2959.0,2959.0,3919.0,3087.0,2959.0,0.01,0.01,0.01,-1011.0,3919.0,-625.0,60977.0,2959.0,TMIm,0
2011-09-30,103571.0,453.0,3983.0,4436.0,103571.0,1042.5,453.0,8198.0,-930.0,3983.0,79791.0,3983.0,0.01,98450.0,0.01,448001.0,0.0,1042.5,4436.0,0.01,19589.0,448001.0,18020.0,3983.0,3983.0,3983.0,5121.0,2925.0,3983.0,0.01,0.01,0.01,-930.0,5121.0,-685.0,79791.0,3983.0,TMIm,0
2011-12-31,107247.0,-60.0,5547.0,5486.0,107247.0,1042.5,-60.0,8848.0,-1060.0,5547.0,81419.0,5547.0,0.01,101037.0,0.01,522668.0,0.0,1042.5,5486.0,0.01,20677.0,522668.0,18507.0,5547.0,5547.0,5547.0,6210.0,2485.0,5547.0,0.01,0.01,0.01,-1060.0,6210.0,-724.0,81419.0,5547.0,TMIm,0
2012-03-31,124101.0,625.0,14587.0,15212.0,124101.0,1042.5,625.0,18480.0,-965.0,14587.0,89927.0,14587.0,0.03,108124.0,0.03,448001.0,0.0,1042.5,15212.0,0.03,19161.0,448001.0,19161.0,14587.0,14587.0,14587.0,15977.0,2503.0,14587.0,0.03,0.03,0.03,-965.0,15977.0,-765.0,89927.0,14587.0,TMIm,0
2012-06-30,104940.0,125.0,8713.0,8837.0,104940.0,1042.5,125.0,12126.0,-1045.0,8713.0,76481.0,8713.0,0.02,95482.0,0.02,448001.0,0.0,1042.5,8837.0,0.02,20047.0,448001.0,20047.0,8713.0,8713.0,8713.0,9458.0,2668.0,8713.0,0.02,0.02,0.02,-1045.0,9458.0,-621.0,76481.0,8713.0,TMIm,0
2012-09-30,107986.0,90.0,5650.0,5740.0,107986.0,1042.5,90.0,9339.0,-2490.0,5650.0,80333.0,5650.0,0.01,101360.0,0.01,448001.0,0.0,1042.5,5740.0,0.01,23517.0,448001.0,23517.0,5650.0,5650.0,5650.0,6626.0,2713.0,5650.0,0.01,0.01,0.01,-2490.0,6626.0,-886.0,80333.0,5650.0,TMIm,0
2012-12-31,120713.0,-85.0,3954.0,3869.0,120713.0,1042.5,-85.0,7459.0,-1329.0,3954.0,87589.0,3954.0,0.0,115993.0,0.0,1215928.0,0.03,1042.5,3869.0,0.01,29733.0,448001.0,29733.0,3954.0,3954.0,3954.0,4721.0,2738.0,3954.0,0.0,0.01,0.01,-1329.0,4721.0,-851.0,87589.0,3954.0,TMIm,0
2013-03-31,111939.0,444.0,7751.0,8194.0,111939.0,1042.5,444.0,11746.0,-1015.0,7751.0,79268.0,7751.0,0.01,102850.0,0.01,649601.0,0.0,1042.5,8194.0,0.02,24598.0,448001.0,24598.0,7751.0,7751.0,7751.0,9089.0,2657.0,7751.0,0.01,0.02,0.02,-1015.0,9089.0,-895.0,79268.0,7751.0,TMIm,0
2013-06-30,106912.0,18.0,3927.0,3945.0,106912.0,1042.5,18.0,7954.0,-685.0,3927.0,74755.0,3927.0,0.01,101767.0,0.01,646295.0,0.0,1042.5,3945.0,0.01,27698.0,448001.0,27698.0,3927.0,3927.0,3927.0,5144.0,2810.0,3927.0,0.01,0.01,0.01,-685.0,5144.0,-1200.0,74755.0,3927.0,TMIm,0
2013-09-30,107806.0,-68.0,1042.0,974.0,107806.0,1042.5,-68.0,6046.0,-1193.0,1042.0,77275.0,1042.0,0.0,104731.0,0.0,638450.0,0.0,1042.5,974.0,0.0,28650.0,448001.0,28650.0,1042.0,1042.0,1042.0,3075.0,2971.0,1042.0,0.0,0.0,0.0,-1193.0,3075.0,-2101.0,77275.0,1042.0,TMIm,0
2013-12-31,112630.0,-79.0,-627.0,-705.0,112630.0,1042.5,-79.0,3946.0,-519.0,-627.0,81529.0,-627.0,0.0,111872.0,0.0,452947.0,0.01,1042.5,-705.0,0.0,30862.0,452947.0,30862.0,-627.0,-627.0,-627.0,758.0,3188.0,-627.0,0.0,0.0,0.0,-519.0,758.0,-1463.0,81529.0,-627.0,TMIm,0
2014-03-31,100328.0,-150.0,-4077.0,-4227.0,100328.0,1042.5,-150.0,259.0,-676.0,-4077.0,73469.0,-4077.0,-0.01,103351.0,-0.01,461676.0,0.0,1042.5,-4227.0,-0.01,30559.0,461676.0,30559.0,-4077.0,-4077.0,-4077.0,-3023.0,3282.0,-4077.0,-0.01,-0.01,-0.01,-676.0,-3023.0,-1205.0,73469.0,-4077.0,TMIm,0
2014-06-30,95795.0,-69.0,-5754.0,-5824.0,95795.0,1042.5,-69.0,-1390.0,-741.0,-5754.0,70265.0,-5754.0,-0.01,100311.0,-0.01,462770.0,0.0,1042.5,-5824.0,-0.01,30786.0,462770.0,30786.0,-5754.0,-5754.0,-5754.0,-4516.0,3126.0,-5754.0,-0.01,-0.01,-0.01,-741.0,-4516.0,-1308.0,70265.0,-5754.0,TMIm,0
2014-09-30,138789.0,-165.0,4408.0,4243.0,138789.0,1042.5,-165.0,8990.0,-1277.0,4408.0,98977.0,4408.0,0.01,132917.0,0.01,645320.0,0.0,1042.5,4243.0,0.01,35217.0,464788.0,35217.0,4408.0,4408.0,4408.0,5872.0,3118.0,4408.0,0.01,0.01,0.01,-1277.0,5872.0,-1629.0,98977.0,4408.0,TMIm,0
2014-12-31,149707.0,-143.0,4114.0,3970.0,149707.0,1042.5,-143.0,8881.0,-513.0,4114.0,102524.0,4114.0,0.01,143913.0,0.01,485687.0,0.0,1042.5,3970.0,0.01,41902.0,485687.0,41902.0,4114.0,4114.0,4114.0,5794.0,3087.0,4114.0,0.01,0.01,0.01,-513.0,5794.0,-1824.0,102524.0,4114.0,TMIm,0
2015-03-31,144686.0,805.0,2699.0,3504.0,144686.0,1042.5,805.0,8042.0,-484.0,2699.0,103350.0,2699.0,0.01,139561.0,0.01,522080.0,0.0,1042.5,3504.0,0.01,36695.0,522080.0,36695.0,2699.0,2699.0,2699.0,5125.0,2918.0,2699.0,0.01,0.01,0.01,-484.0,5125.0,-1621.0,103350.0,2699.0,TMIm,0
2015-06-30,128996.0,-969.0,-6002.0,-6971.0,128996.0,1042.5,-969.0,-2619.0,-377.0,-6002.0,93344.0,-6002.0,-0.01,134538.0,-0.01,532048.0,0.0,1042.5,-6971.0,-0.01,41570.0,532048.0,41570.0,-6002.0,-6002.0,-6002.0,-5542.0,2923.0,-6002.0,-0.01,-0.01,-0.01,-377.0,-5542.0,-1429.0,93344.0,-6002.0,TMIm,0
2015-09-30,118717.0,80.0,-4533.0,-4453.0,118717.0,1042.5,80.0,-39.0,-349.0,-4533.0,84302.0,-4533.0,-0.01,121699.0,-0.01,525433.0,0.0,1042.5,-4453.0,-0.01,37746.0,525433.0,37746.0,-4533.0,-4533.0,-4533.0,-2982.0,2943.0,-4533.0,-0.01,-0.01,-0.01,-349.0,-2982.0,-1471.0,84302.0,-4533.0,TMIm,0
2015-12-31,150999.0,703.0,8453.0,9156.0,150999.0,1042.5,703.0,13554.0,-1052.0,8453.0,107104.0,8453.0,0.01,140748.0,0.01,671061.0,0.02,1042.5,9156.0,0.01,34696.0,671061.0,34696.0,8453.0,8453.0,8453.0,10251.0,3303.0,8453.0,0.01,0.01,0.01,-1052.0,10251.0,-1095.0,107104.0,8453.0,TMIm,0
2016-03-31,119043.0,-279.0,2846.0,2567.0,119043.0,1042.5,-279.0,6445.0,-888.0,2846.0,80135.0,2846.0,0.0,115575.0,0.0,671441.0,0.0,1042.5,2567.0,0.0,36329.0,671441.0,36329.0,2846.0,2846.0,2846.0,3469.0,2976.0,2846.0,0.0,0.0,0.0,-888.0,3469.0,-902.0,80135.0,2846.0,TMIm,0
2016-06-30,113849.0,-31.0,-1970.0,-2001.0,113849.0,1042.5,-31.0,2071.0,-503.0,-1970.0,78534.0,-1970.0,0.0,114688.0,0.0,671441.0,0.0,1042.5,-2001.0,0.0,36657.0,671441.0,36657.0,-1970.0,-1970.0,-1970.0,-839.0,2910.0,-1970.0,0.0,0.0,0.0,-503.0,-839.0,-1162.0,78534.0,-1970.0,TMIm,0
2016-09-30,104897.0,-404.0,-6256.0,-6660.0,104897.0,1042.5,-404.0,-1727.0,-409.0,-6256.0,72952.0,-6256.0,-0.01,109478.0,-0.01,671441.0,0.0,1042.5,-6660.0,-0.01,36935.0,671441.0,36935.0,-6256.0,-6256.0,-6256.0,-4581.0,2854.0,-6256.0,-0.01,-0.01,-0.01,-409.0,-4581.0,-2078.0,72952.0,-6256.0,TMIm,0
2016-12-31,135425.0,89.0,10063.0,10152.0,135425.0,1042.5,89.0,14485.0,-891.0,10063.0,88131.0,10063.0,0.02,123768.0,0.02,661993.0,0.01,1042.5,10152.0,0.02,36527.0,661993.0,36527.0,10063.0,10063.0,10063.0,11657.0,2828.0,10063.0,0.02,0.02,0.02,-891.0,11657.0,-1505.0,88131.0,10063.0,TMIm,0
2017-03-31,101411.0,-560.0,1611.0,1051.0,101411.0,1042.5,-560.0,4286.0,-523.0,1611.0,68281.0,1611.0,0.0,99769.0,0.0,805483.0,0.0,1042.5,1051.0,0.0,32010.0,805483.0,32010.0,1611.0,1611.0,1611.0,1642.0,2643.0,1611.0,0.0,0.0,0.0,-523.0,1642.0,-591.0,68281.0,1611.0,TMIm,0
2017-06-30,99777.0,-690.0,-7903.0,-8594.0,99777.0,1042.5,-690.0,-5052.0,-325.0,-7903.0,71989.0,-7903.0,-0.01,107445.0,-0.01,658608.0,0.0,1042.5,-8594.0,-0.01,35782.0,658608.0,35782.0,-7903.0,-7903.0,-7903.0,-7668.0,2616.0,-7903.0,-0.01,-0.01,-0.01,-325.0,-7668.0,-926.0,71989.0,-7903.0,TMIm,0
2017-09-30,95991.0,-101.0,-11964.0,-12065.0,95991.0,1042.5,-101.0,-8498.0,-237.0,-11964.0,67119.0,-11964.0,-0.02,107050.0,-0.02,664685.0,0.0,1042.5,-12065.0,-0.02,40169.0,664685.0,40169.0,-11964.0,-11964.0,-11964.0,-11059.0,2561.0,-11964.0,-0.02,-0.02,-0.02,-237.0,-11059.0,-1006.0,67119.0,-11964.0,TMIm,0
2017-12-31,104442.0,27.0,-6987.0,-6961.0,104442.0,1042.5,27.0,-3647.0,-1176.0,-6987.0,74094.0,-6987.0,-0.01,110584.0,-0.01,628754.0,0.0,1042.5,-6961.0,-0.01,37666.0,628754.0,37666.0,-6987.0,-6987.0,-6987.0,-6142.0,2495.0,-6987.0,-0.01,-0.01,-0.01,-1176.0,-6142.0,-819.0,74094.0,-6987.0,TMIm,0
2018-03-31,97546.0,-826.0,-6723.0,-7549.0,97546.0,1042.5,-826.0,-4542.0,-677.0,-6723.0,65434.0,-6723.0,-0.01,104383.0,-0.01,672260.0,0.0,1042.5,-7549.0,-0.01,39627.0,672260.0,39627.0,-6723.0,-6723.0,-6723.0,-6837.0,2295.0,-6723.0,-0.01,-0.01,-0.01,-677.0,-6837.0,-711.0,65434.0,-6723.0,TMIm,0
2018-06-30,85778.0,-16.0,-10302.0,-10319.0,85778.0,1042.5,-16.0,-6675.0,-1161.0,-10302.0,62081.0,-10302.0,-0.02,94919.0,-0.02,686813.0,0.0,1042.5,-10319.0,-0.02,33999.0,686813.0,33999.0,-10302.0,-10302.0,-10302.0,-9141.0,2466.0,-10302.0,-0.02,-0.02,-0.02,-1161.0,-9141.0,-1178.0,62081.0,-10302.0,TMIm,0
2018-09-30,101042.0,-2050.0,-3678.0,-5727.0,101042.0,1042.5,-2050.0,-1358.0,-991.0,-3678.0,68450.0,-3678.0,-0.01,105066.0,-0.01,735544.0,0.0,1042.5,-5727.0,-0.01,37608.0,735544.0,37608.0,-3678.0,-3678.0,-3678.0,-4024.0,2665.0,-3678.0,-0.01,-0.01,-0.01,-991.0,-4024.0,-1704.0,68450.0,-3678.0,TMIm,0
2018-12-31,107567.0,-484.0,2678.0,2194.0,107567.0,1042.5,-484.0,8753.0,-1027.0,2678.0,81570.0,2678.0,0.0,103245.0,0.0,666849.0,0.0,1042.5,2194.0,0.0,22702.0,666849.0,22702.0,2678.0,2678.0,2678.0,4322.0,4431.0,2678.0,0.0,0.0,0.0,-1027.0,4322.0,-2128.0,81570.0,2678.0,TMIm,0
2019-03-31,105421.0,120.0,591.0,711.0,105421.0,0.0,120.0,7093.0,-731.0,591.0,70272.0,591.0,0.0,102478.0,0.0,635718.0,0.0,0.0,711.0,0.0,32938.0,635718.0,32938.0,591.0,591.0,591.0,2943.0,4059.0,591.0,0.0,0.0,0.0,-731.0,2943.0,-2232.0,70272.0,591.0,TMIm,0
2019-06-30,89645.0,-1155.0,-6334.0,-7575.0,89645.0,86.0,-1155.0,-1311.0,-699.0,-6334.0,60768.0,-6420.0,-0.01,94861.0,-0.01,633364.0,0.0,86.0,-7575.0,-0.01,34793.0,633364.0,34793.0,-6334.0,-6334.0,-6420.0,-5216.0,3418.0,-6334.0,-0.01,-0.01,-0.01,-699.0,-5216.0,-2359.0,60768.0,-6334.0,TMIm,0
2019-09-30,91104.0,-736.0,-4311.0,-5088.0,91104.0,41.0,-736.0,1615.0,-412.0,-4311.0,61412.0,-4352.0,-0.01,93643.0,-0.01,718481.0,0.0,41.0,-5088.0,-0.01,32644.0,718481.0,32644.0,-4311.0,-4311.0,-4352.0,-2539.0,3850.0,-4311.0,-0.01,-0.01,-0.01,-412.0,-2539.0,-2549.0,61412.0,-4311.0,TMIm,0
2019-12-31,105826.0,-517.0,1670.0,1089.0,105826.0,65.0,-517.0,7994.0,-409.0,1670.0,68812.0,1605.0,0.0,102191.0,0.0,568802.0,0.0,65.0,1089.0,0.0,33789.0,568802.0,33789.0,1670.0,1670.0,1605.0,3634.0,4059.0,1670.0,0.0,0.0,0.0,-409.0,3634.0,-2546.0,68812.0,1670.0,TMIm,0
2020-03-31,93195.0,-129.0,-3667.0,-3833.0,93195.0,37.0,-129.0,3370.0,-350.0,-3667.0,62564.0,-3704.0,-0.01,94622.0,-0.01,671441.0,0.0,37.0,-3833.0,-0.01,32408.0,671441.0,32408.0,-3667.0,-3667.0,-3704.0,-1427.0,4507.0,-3667.0,-0.01,-0.01,-0.01,-350.0,-1427.0,-2406.0,62564.0,-3667.0,TMIm,0
2020-06-30,112562.0,-1667.0,5137.0,3437.0,112562.0,33.0,-1667.0,10336.0,-334.0,5137.0,74068.0,5103.0,0.01,107066.0,0.01,671441.0,0.0,33.0,3437.0,0.01,33332.0,671441.0,33332.0,5137.0,5137.0,5103.0,5496.0,4544.0,5137.0,0.01,0.01,0.01,-334.0,5496.0,-2060.0,74068.0,5137.0,TMIm,0
2020-09-30,122378.0,-167.0,6383.0,6137.0,122378.0,79.0,-167.0,13171.0,-317.0,6383.0,79830.0,6305.0,0.01,114153.0,0.01,671441.0,0.0,79.0,6137.0,0.01,34639.0,671441.0,34639.0,6383.0,6383.0,6305.0,8225.0,4945.0,6383.0,0.01,0.01,0.01,-317.0,8225.0,-2088.0,79830.0,6383.0,TMIm,0
2020-12-31,119725.0,-532.0,6536.0,5849.0,119725.0,155.0,-532.0,13016.0,-613.0,6536.0,77457.0,6381.0,0.01,111683.0,0.01,671441.0,0.0,155.0,5849.0,0.01,34839.0,671441.0,34839.0,6536.0,6536.0,6381.0,8042.0,4677.0,6536.0,0.01,0.01,0.01,-613.0,8042.0,-2193.0,77457.0,6536.0,TMIm,0
2021-03-31,109436.0,293.0,1209.0,1327.0,109436.0,175.0,293.0,8242.0,-157.0,1209.0,71011.0,1033.0,0.0,106061.0,0.0,671441.0,0.0,175.0,1327.0,0.0,35207.0,671441.0,35207.0,1209.0,1209.0,1033.0,3375.0,4575.0,1209.0,0.0,0.0,0.0,-157.0,3375.0,-2049.0,71011.0,1209.0,TMIm,0
2021-06-30,116551.0,-134.0,941.0,212.0,116551.0,595.0,-134.0,7253.0,-698.0,941.0,78023.0,345.0,0.0,114011.0,0.0,672046.0,0.0,595.0,212.0,0.0,36687.0,671441.0,36687.0,941.0,941.0,345.0,2539.0,4417.0,941.0,0.0,0.0,0.0,-698.0,2539.0,-2328.0,78023.0,941.0,TMIm,0
2021-09-30,122394.0,-123.0,-2195.0,-3280.0,122394.0,962.0,-123.0,4859.0,-323.0,-2195.0,86976.0,-3157.0,0.0,122609.0,0.0,671441.0,0.0,962.0,-3280.0,0.0,35957.0,671441.0,35957.0,-2195.0,-2195.0,-3157.0,-215.0,4775.0,-2195.0,0.0,0.0,0.0,-323.0,-215.0,-3065.0,86976.0,-2195.0,TMIm,0
2021-12-31,135893.0,-651.0,598.0,-1270.0,135893.0,1217.0,-651.0,8816.0,-832.0,598.0,95550.0,-619.0,0.0,133415.0,0.0,671441.0,0.0,1217.0,-1270.0,0.0,38697.0,671441.0,38697.0,598.0,598.0,-619.0,2477.0,6040.0,598.0,0.0,0.0,0.0,-832.0,2477.0,-3748.0,95550.0,598.0,TMIm,0
2022-03-31,143547.0,-277.0,8286.0,6852.0,143547.0,1156.0,-277.0,16905.0,-289.0,8286.0,96045.0,7130.0,0.01,133127.0,0.01,671441.0,0.0,1156.0,6852.0,0.01,37371.0,671441.0,37371.0,8286.0,8286.0,7130.0,10420.0,6193.0,8286.0,0.01,0.01,0.01,-289.0,10420.0,-3568.0,96045.0,8286.0,TMIm,0
2022-06-30,135391.0,1892.0,7140.0,7909.0,135391.0,1123.0,1892.0,18085.0,-590.0,7140.0,89516.0,6017.0,0.01,124039.0,0.01,671441.0,0.0,1123.0,7909.0,0.01,35113.0,671441.0,35113.0,7140.0,7140.0,6017.0,11352.0,6438.0,7140.0,0.01,0.01,0.01,-590.0,11352.0,-3444.0,89516.0,7140.0,TMIm,0
2022-09-30,144585.0,3082.0,9208.0,10649.0,144585.0,1641.0,3082.0,21065.0,-657.0,9208.0,94456.0,7567.0,0.01,130466.0,0.01,671441.0,0.0,1641.0,10649.0,0.01,36667.0,671441.0,36667.0,9208.0,9208.0,7567.0,14119.0,6658.0,9208.0,0.01,0.01,0.01,-657.0,14119.0,-3470.0,94456.0,9208.0,TMIm,0
2022-12-31,143260.0,-1272.0,5574.0,2173.0,143260.0,2129.0,-1272.0,12874.0,-557.0,5574.0,99451.0,3446.0,0.01,137176.0,0.01,671441.0,0.02,2129.0,2173.0,0.01,38283.0,671441.0,38283.0,5574.0,5574.0,3446.0,6084.0,6341.0,5574.0,0.01,0.01,0.01,-557.0,6084.0,-3910.0,99451.0,5574.0,TMIm,0
2023-03-23,161346.0,4436.0,15039.0,17920.0,161346.0,1555.0,4436.0,33237.0,-738.0,15039.0,103874.0,13485.0,0.02,136176.0,0.02,671441.0,0.0,1555.0,17920.0,0.02,33040.0,671441.0,33040.0,15039.0,15039.0,13485.0,25170.0,7482.0,15039.0,0.02,0.02,0.02,-738.0,25170.0,-7250.0,103874.0,15039.0,TMIm,0
2023-06-30,147704.0,4230.0,11786.0,13783.0,147704.0,2233.0,4230.0,30416.0,-1989.0,11786.0,94888.0,9553.0,0.02,126946.0,0.02,671441.0,0.02,2233.0,13783.0,0.02,34046.0,671441.0,34046.0,11786.0,11786.0,9553.0,20758.0,9066.0,11786.0,0.02,0.02,0.02,-1989.0,20758.0,-6975.0,94888.0,11786.0,TMIm,0
2023-09-30,133594.0,1604.0,1419.0,-65.0,133594.0,3088.0,1604.0,16642.0,-475.0,1419.0,90933.0,-1669.0,0.0,126753.0,0.0,671441.0,0.0,3088.0,-65.0,0.0,36294.0,671441.0,36294.0,1419.0,1419.0,-1669.0,6841.0,9201.0,1419.0,0.0,0.0,0.0,-475.0,6841.0,-6906.0,90933.0,1419.0,TMIm,0
2023-12-31,139459.0,1461.0,-1181.0,-4131.0,139459.0,4411.0,1461.0,13308.0,-2197.0,-1181.0,97217.0,-5592.0,0.0,136786.0,0.0,671441.0,0.03,4411.0,-4131.0,0.0,41766.0,671441.0,41766.0,-1181.0,-1181.0,-5592.0,2673.0,10028.0,-1181.0,0.0,0.0,0.0,-2197.0,2673.0,-6804.0,97217.0,-1181.0,TMIm,0
2024-03-31,144270.0,2063.0,2186.0,1943.0,144270.0,2305.0,2063.0,18000.0,-139.0,2186.0,97340.0,-119.0,0.0,135971.0,0.0,718532.0,0.0,2305.0,1943.0,0.0,38769.0,718532.0,38769.0,2186.0,2186.0,-119.0,8299.0,9108.0,2186.0,0.0,0.0,0.0,-139.0,8299.0,-6356.0,97340.0,2186.0,TMIm,0
2024-06-30,137056.0,1064.0,954.0,-5.0,137056.0,2022.0,1064.0,16210.0,-391.0,954.0,93139.0,-1068.0,0.0,130767.0,0.0,732498.0,0.0,2022.0,-5.0,0.0,38019.0,671441.0,38019.0,954.0,954.0,-1068.0,6289.0,9312.0,954.0,0.0,0.0,0.0,-391.0,6289.0,-6293.0,93139.0,954.0,TMIm,0
2020-09-30,164314.0,-81.0,45925.0,45844.0,164314.0,0.0,-81.0,106129.0,-340.0,45925.0,100259.0,45925.0,0.02,107575.0,0.02,2200000.0,0.0,0.0,45844.0,0.02,7455.0,2200000.0,7455.0,45925.0,45925.0,45925.0,56941.0,35305.0,45925.0,0.02,0.02,0.02,-340.0,56740.0,-10896.0,100259.0,45925.0,TGE,0
2020-12-31,159959.0,144.0,37538.0,37681.0,159959.0,1.0,144.0,73555.0,-4154.0,37538.0,109421.0,37537.0,0.02,111294.0,0.02,2200000.0,0.0,1.0,37681.0,0.02,6667.0,2200000.0,6667.0,37538.0,37538.0,37537.0,48025.0,25530.0,37538.0,0.02,0.02,0.02,-4154.0,48664.0,-10983.0,109421.0,37538.0,TGE,0
2021-03-31,163939.0,-93.0,44726.0,44633.0,163939.0,0.0,-93.0,80359.0,-364.0,44726.0,101221.0,44726.0,0.02,109425.0,0.02,2200000.0,0.0,0.0,44633.0,0.02,7820.0,2200000.0,7820.0,44726.0,44726.0,44726.0,55263.0,25096.0,44726.0,0.02,0.02,0.02,-364.0,54515.0,-9882.0,101221.0,44726.0,TGE,0
2021-06-30,185858.0,-67.0,48603.0,48536.0,185858.0,0.0,-67.0,88932.0,-476.0,48603.0,118412.0,48603.0,0.02,126135.0,0.02,2200000.0,0.0,0.0,48536.0,0.02,8167.0,2200000.0,8167.0,48603.0,48603.0,48603.0,59755.0,29177.0,48603.0,0.02,0.02,0.02,-476.0,59723.0,-11187.0,118412.0,48603.0,TGE,0
2021-09-30,212488.0,888.0,61258.0,62147.0,212488.0,0.0,888.0,111645.0,-357.0,61258.0,129125.0,61258.0,0.03,136814.0,0.03,2200000.0,0.0,0.0,62147.0,0.03,7200.0,2200000.0,7200.0,61258.0,61258.0,61258.0,76519.0,35126.0,61258.0,0.03,0.03,0.03,-357.0,75675.0,-13528.0,129125.0,61258.0,TGE,0
2021-12-31,218878.0,-376.0,47513.0,47137.0,218878.0,0.0,-376.0,95611.0,-25144.0,47513.0,153819.0,47513.0,0.02,158727.0,0.02,2200000.0,0.0,0.0,47137.0,0.02,29898.0,2200000.0,29898.0,47513.0,47513.0,47513.0,60305.0,35305.0,47513.0,0.02,0.02,0.02,-25144.0,60151.0,-13014.0,153819.0,47513.0,TGE,0
2022-03-31,221793.0,165.0,51646.0,51811.0,221793.0,0.0,165.0,98413.0,-11516.0,51646.0,147451.0,51646.0,0.02,157503.0,0.02,2200000.0,0.0,0.0,51811.0,0.02,21642.0,2200000.0,21642.0,51646.0,51646.0,51646.0,64216.0,33686.0,51646.0,0.02,0.02,0.02,-11516.0,64289.0,-12478.0,147451.0,51646.0,TGE,0
2022-06-30,230430.0,1249.0,55715.0,56962.0,230430.0,2.0,1249.0,106129.0,-4140.0,55715.0,153427.0,55713.0,0.03,160294.0,0.03,2200000.0,0.0,2.0,56962.0,0.03,10051.0,2200000.0,10051.0,55715.0,55715.0,55713.0,71091.0,34516.0,55715.0,0.03,0.03,0.03,-4140.0,70135.0,-13173.0,153427.0,55715.0,TGE,0
2022-09-30,231736.0,-1294.0,49174.0,47882.0,231736.0,-2.0,-1294.0,98704.0,-417.0,49174.0,156494.0,49176.0,0.03,169677.0,0.03,1906522.0,0.0,-2.0,47882.0,0.03,12472.0,1906522.0,12472.0,49174.0,49174.0,49176.0,63187.0,34977.0,49174.0,0.03,0.03,0.03,-417.0,62059.0,-14177.0,156494.0,49174.0,TGE,0
2022-12-31,254901.0,623.0,59892.0,60515.0,254901.0,0.0,623.0,106791.0,-1384.0,59892.0,173884.0,59892.0,0.03,183630.0,0.03,2204082.0,0.0,0.0,60515.0,0.03,12574.0,2204082.0,12574.0,59892.0,59892.0,59892.0,69826.0,36426.0,59892.0,0.03,0.03,0.03,-1384.0,71271.0,-10756.0,173884.0,59892.0,TGE,0
2023-03-31,234850.0,-9.0,63042.0,63033.0,234850.0,0.0,-9.0,110291.0,-603.0,63042.0,149739.0,63042.0,0.03,160323.0,0.03,2200000.0,0.0,0.0,63033.0,0.03,11186.0,2200000.0,11186.0,63042.0,63042.0,63042.0,74528.0,35762.0,63042.0,0.03,0.03,0.03,-603.0,74527.0,-11494.0,149739.0,63042.0,TGE,0
2023-06-30,235308.0,904.0,58515.0,59420.0,235308.0,0.0,904.0,108604.0,-1871.0,58515.0,151827.0,58515.0,0.03,163935.0,0.03,2200000.0,0.0,0.0,59420.0,0.03,13335.0,2200000.0,13335.0,58515.0,58515.0,58515.0,72016.0,36588.0,58515.0,0.03,0.03,0.03,-1871.0,71372.0,-11953.0,151827.0,58515.0,TGE,0
2023-09-30,229156.0,1861.0,71645.0,73506.0,229156.0,0.0,2049.0,130801.0,-29599.0,71645.0,156697.0,71645.0,0.04,143642.0,0.03,2200000.0,0.0,0.0,80949.0,0.03,16121.0,2200000.0,16121.0,71645.0,71645.0,78900.0,93379.0,37422.0,78899.0,0.03,0.03,0.04,-29599.0,85515.0,-12008.0,156697.0,71645.0,TGE,0
2023-12-31,211846.0,583.0,46764.0,47347.0,211846.0,0.0,574.0,95560.0,-5161.0,46764.0,145887.0,46764.0,0.02,152456.0,0.02,2200000.0,0.0,0.0,46639.0,0.02,12741.0,2200000.0,12741.0,46764.0,46764.0,46064.0,57669.0,37891.0,46064.0,0.02,0.02,0.02,-5161.0,59390.0,-12042.0,145887.0,46764.0,TGE,0
2024-03-31,258165.0,3473.0,64328.0,67801.0,258165.0,0.0,3473.0,117396.0,-836.0,64328.0,167717.0,64328.0,0.03,179184.0,0.03,2241656.0,0.0,0.0,67801.0,0.03,11330.0,2200000.0,11330.0,64328.0,64328.0,64328.0,79953.0,37442.0,64328.0,0.03,0.03,0.03,-836.0,78981.0,-11180.0,167717.0,64328.0,TGE,0
2024-06-30,237889.0,3406.0,63791.0,67197.0,237889.0,0.0,3406.0,115168.0,-5445.0,63791.0,151501.0,63792.0,0.03,160239.0,0.03,2200000.0,0.0,0.0,67197.0,0.03,14018.0,2200000.0,14018.0,63791.0,63791.0,63792.0,77814.0,37354.0,63791.0,0.03,0.03,0.03,-5445.0,77650.0,-10453.0,151501.0,63791.0,TGE,0
2015-03-31,591691.0,-3514.0,186838.0,183324.0,591691.0,0.0,-3514.0,1146147.0,-8495.0,186838.0,409877.0,186838.0,0.04,422467.0,0.04,4369722.0,0.0,0.0,183324.0,0.04,21085.0,4369722.0,21085.0,186838.0,186838.0,186838.0,169224.0,217998.5,186838.0,0.04,0.04,0.04,-8495.0,169224.0,14100.0,409877.0,186838.0,TPIPP,0
2015-06-30,565434.0,1182.0,189457.0,190639.0,565434.0,0.0,1182.0,1146147.0,-34640.0,189457.0,363073.0,189457.0,0.04,355233.0,0.04,4442039.0,0.0,0.0,190639.0,0.04,26800.0,4442039.0,26800.0,189457.0,189457.0,189457.0,210201.0,217998.5,189457.0,0.04,0.04,0.04,-34640.0,210201.0,-19562.0,363073.0,189457.0,TPIPP,0
2016-03-31,1135308.0,-2097.0,636257.0,634160.0,1135308.0,0.0,-2097.0,1146147.0,-7486.0,636257.0,503608.0,636257.0,0.11,544837.0,0.11,5900000.0,0.0,0.0,634160.0,0.11,48715.0,5900000.0,48715.0,636257.0,636257.0,636257.0,590471.0,217998.5,636257.0,0.11,0.11,0.11,-7486.0,590471.0,43689.0,503608.0,636257.0,TPIPP,0
2016-06-30,1120224.0,-1073.0,499688.0,498615.0,1120224.0,0.0,-1073.0,1146147.0,-9252.0,499688.0,548641.0,499688.0,0.08,587261.0,0.08,5900000.0,0.0,0.0,498615.0,0.08,47872.0,5900000.0,47872.0,499688.0,499688.0,499688.0,532963.0,217998.5,499688.0,0.08,0.08,0.08,-9252.0,532963.0,-34348.0,548641.0,499688.0,TPIPP,0
2016-09-30,897805.0,-2159.0,284231.0,282072.0,897805.0,0.0,-2159.0,394368.0,-7729.0,284231.0,546620.0,284231.0,0.05,592685.0,0.05,5900000.0,0.0,0.0,282072.0,0.05,53794.0,5900000.0,53794.0,284231.0,284231.0,284231.0,305120.0,89248.0,284231.0,0.05,0.05,0.05,-7729.0,305120.0,-23048.0,546620.0,284231.0,TPIPP,0
2016-12-31,1214823.0,-1576.0,404072.0,402496.0,1214823.0,0.0,-1576.0,611505.0,-9495.0,404072.0,666140.0,404072.0,0.07,696844.0,0.07,5900000.0,0.0,0.0,402496.0,0.07,40199.0,5900000.0,40199.0,404072.0,404072.0,404072.0,517979.0,93526.0,404072.0,0.07,0.07,0.07,-9495.0,517979.0,-115483.0,666140.0,404072.0,TPIPP,0
2017-03-31,1166550.0,2616.0,698493.0,701109.0,1166550.0,0.0,2616.0,730181.0,-2549.0,698493.0,475499.0,698493.0,0.12,520839.0,0.12,5959444.0,0.1,0.0,701109.0,0.12,47889.0,5959444.0,47889.0,698493.0,698493.0,698493.0,645711.0,84470.0,698493.0,0.12,0.12,0.12,-2549.0,645711.0,55398.0,475499.0,698493.0,TPIPP,0
2017-06-30,1241125.0,9920.0,706364.0,716284.0,1241125.0,0.0,9920.0,759291.0,-10374.0,706364.0,533848.0,706364.0,0.08,573190.0,0.08,8400000.0,0.1,0.0,716284.0,0.08,49716.0,8400000.0,49716.0,706364.0,706364.0,706364.0,667935.0,91356.0,706364.0,0.08,0.08,0.08,-10374.0,667935.0,48349.0,533848.0,706364.0,TPIPP,0
2017-09-30,1143190.0,26035.0,593354.0,619389.0,1143190.0,0.0,26035.0,650455.0,-23687.0,593354.0,535033.0,593354.0,0.07,588575.0,0.07,8400000.0,0.06,0.0,619389.0,0.07,77229.0,8400000.0,77229.0,593354.0,593354.0,593354.0,554615.0,95840.0,593354.0,0.07,0.07,0.07,-23687.0,554615.0,64774.0,535033.0,593354.0,TPIPP,0
2017-12-31,1313949.0,37009.0,593320.0,630329.0,1313949.0,0.0,37009.0,658621.0,-12811.0,593320.0,683155.0,593320.0,0.07,748101.0,0.07,8406698.0,0.04,0.0,630329.0,0.07,77757.0,8406698.0,77757.0,593320.0,593320.0,593320.0,565848.0,92773.0,593320.0,0.07,0.07,0.07,-12811.0,565848.0,64481.0,683155.0,593320.0,TPIPP,0
2018-03-31,1350275.0,61012.0,753852.0,814864.0,1350275.0,0.0,61012.0,769935.0,-59593.0,753852.0,652411.0,753852.0,0.09,671794.0,0.09,8400000.0,0.1,0.0,814864.0,0.09,78976.0,8400000.0,78976.0,753852.0,753852.0,753852.0,678481.0,91454.0,753852.0,0.09,0.09,0.09,-59593.0,678481.0,136383.0,652411.0,753852.0,TPIPP,0
2018-06-30,1879479.0,44209.0,965555.0,1009764.0,1879479.0,0.0,44209.0,1233672.0,-88980.0,965555.0,801074.0,965555.0,0.11,767561.0,0.11,8400000.0,0.1,0.0,1009764.0,0.11,55467.0,8400000.0,55467.0,965555.0,965555.0,965555.0,1111918.0,121754.0,965555.0,0.11,0.11,0.11,-88980.0,1111918.0,-102154.0,801074.0,965555.0,TPIPP,0
2018-09-30,2106567.0,33262.0,1005281.0,1038543.0,2106567.0,0.0,33262.0,1122662.0,-22757.0,1005281.0,1046578.0,1005281.0,0.12,1112368.0,0.12,8400000.0,0.1,0.0,1038543.0,0.12,88547.0,8400000.0,88547.0,1005281.0,1005281.0,1005281.0,994199.0,128463.0,1005281.0,0.12,0.12,0.12,-22757.0,994199.0,44344.0,1046578.0,1005281.0,TPIPP,0
2018-12-31,2283486.0,22186.0,974271.0,996457.0,2283486.0,0.0,22186.0,1137630.0,-28421.0,974271.0,1151367.0,974271.0,0.12,1285276.0,0.12,8400000.0,0.1,0.0,996457.0,0.12,162330.0,8400000.0,162330.0,974271.0,974271.0,974271.0,998210.0,139420.0,974271.0,0.12,0.12,0.12,-28421.0,998210.0,-1753.0,1151367.0,974271.0,TPIPP,0
2019-03-31,2429609.0,30705.0,982860.0,1013565.0,2429609.0,0.0,30705.0,1174910.0,-27104.0,982860.0,1337453.0,982860.0,0.12,1432984.0,0.12,8400000.0,0.0,0.0,1013565.0,0.12,122635.0,8400000.0,122635.0,982860.0,982860.0,982860.0,996625.0,178285.0,982860.0,0.12,0.12,0.12,-27104.0,996625.0,16940.0,1337453.0,982860.0,TPIPP,0
2019-06-30,2576629.0,20529.0,1250922.0,1271451.0,2576629.0,0.0,20529.0,1465427.0,-69009.0,1250922.0,1244959.0,1250922.0,0.15,1316074.0,0.15,8400000.0,0.1,0.0,1271451.0,0.15,140124.0,8400000.0,140124.0,1250922.0,1250922.0,1250922.0,1260555.0,204872.0,1250922.0,0.15,0.15,0.15,-69009.0,1260555.0,10896.0,1244959.0,1250922.0,TPIPP,0
2019-09-30,2686605.0,22961.0,1098487.0,1121448.0,2686605.0,0.0,22961.0,1380146.0,-29672.0,1098487.0,1438282.0,1098487.0,0.13,1520719.0,0.13,8400000.0,0.1,0.0,1121448.0,0.13,112109.0,8400000.0,112109.0,1098487.0,1098487.0,1098487.0,1165886.0,214260.0,1098487.0,0.13,0.13,0.13,-29672.0,1165886.0,-44438.0,1438282.0,1098487.0,TPIPP,0
2019-12-31,2878358.0,27787.0,1274539.0,1302326.0,2878358.0,0.0,27787.0,1445817.0,38508.0,1274539.0,1509036.0,1274539.0,0.15,1641997.0,0.15,8400000.0,0.2,0.0,1302326.0,0.15,132961.0,8400000.0,132961.0,1274539.0,1274539.0,1274539.0,1236361.0,209456.0,1274539.0,0.15,0.15,0.15,-45882.0,1236361.0,27457.0,1509036.0,1274539.0,TPIPP,0
2020-03-31,2534849.0,18614.0,967128.0,985742.0,2534849.0,0.0,18614.0,1276595.0,-43001.0,967128.0,1409507.0,967128.0,0.12,1496678.0,0.12,8400000.0,0.0,0.0,985742.0,0.12,110209.0,8400000.0,110209.0,967128.0,967128.0,967128.0,1058134.0,218461.0,967128.0,0.12,0.12,0.12,-43001.0,1038171.0,-52429.0,1409507.0,967128.0,TPIPP,0
2020-06-30,2794135.0,45223.0,1171668.0,1216892.0,2794135.0,-1.0,45223.0,1464369.0,-127113.0,1171668.0,1547320.0,1171669.0,0.14,1521285.0,0.14,8400000.0,0.12,-1.0,1216892.0,0.14,128784.0,8400000.0,128784.0,1171668.0,1171668.0,1171669.0,1245144.0,219225.0,1171668.0,0.14,0.14,0.14,-127113.0,1272850.0,-55958.0,1547320.0,1171668.0,TPIPP,0
2020-09-30,3011194.0,35452.0,1206335.0,1241787.0,3011194.0,0.0,35452.0,1555141.0,-60745.0,1206335.0,1624793.0,1206335.0,0.14,1682515.0,0.14,8400000.0,0.0,0.0,1241787.0,0.14,108392.0,8400000.0,108392.0,1206335.0,1206335.0,1206335.0,1338754.0,216387.0,1206335.0,0.14,0.14,0.14,-60745.0,1328679.0,-86892.0,1624793.0,1206335.0,TPIPP,0
2020-12-31,2779172.0,22892.0,1160693.0,1183585.0,2779172.0,0.0,22892.0,1454139.0,-50933.0,1160693.0,1446037.0,1160693.0,0.14,1505684.0,0.14,8400000.0,0.15,0.0,1183585.0,0.14,151781.0,8400000.0,151781.0,1160693.0,1160693.0,1160693.0,1232287.0,221852.0,1160693.0,0.14,0.14,0.14,-50933.0,1273488.0,-89903.0,1446037.0,1160693.0,TPIPP,0
2021-03-31,2650155.0,35684.0,1061009.0,1096693.0,2650155.0,0.0,35684.0,1403057.0,-69141.0,1061009.0,1364840.0,1061009.0,0.13,1472357.0,0.13,8400000.0,0.0,0.0,1096693.0,0.13,168935.0,8400000.0,168935.0,1061009.0,1061009.0,1061009.0,1185521.0,217536.0,1061009.0,0.13,0.13,0.13,-69141.0,1177798.0,-81105.0,1364840.0,1061009.0,TPIPP,0
2021-06-30,2923850.0,22188.0,1188073.0,1210261.0,2923850.0,0.0,22188.0,1500623.0,-45882.0,1188073.0,1495029.0,1188073.0,0.14,1635284.0,0.14,8400000.0,0.12,0.0,1210261.0,0.14,195196.0,8400000.0,195196.0,1188073.0,1188073.0,1188073.0,1279507.0,221116.0,1188073.0,0.14,0.14,0.14,-45882.0,1288566.0,-78305.0,1495029.0,1188073.0,TPIPP,0
2021-09-30,2878178.0,28104.0,942973.0,971077.0,2878178.0,0.0,28104.0,1238031.0,-52508.0,942973.0,1769972.0,942973.0,0.11,1860099.0,0.11,8400000.0,0.0,0.0,971077.0,0.11,150979.0,8400000.0,150979.0,942973.0,942973.0,942973.0,1009735.0,228296.0,942973.0,0.11,0.11,0.11,-52508.0,1018079.0,-47002.0,1769972.0,942973.0,TPIPP,0
2021-12-31,2621649.0,24158.0,999275.0,1023433.0,2621649.0,0.0,24158.0,1255781.0,-73051.0,999275.0,1556888.0,999275.0,0.12,1596842.0,0.12,8400000.0,0.13,0.0,1023433.0,0.12,132141.0,8400000.0,132141.0,999275.0,999275.0,999275.0,1005671.0,250110.0,999275.0,0.12,0.12,0.12,-73051.0,1024807.0,-1374.0,1556888.0,999275.0,TPIPP,0
2022-03-31,2787592.0,4401.0,854581.0,858982.0,2787592.0,0.0,4401.0,1109946.0,-93159.0,854581.0,1913089.0,854581.0,0.1,1907463.0,0.1,8400000.0,0.0,0.0,858982.0,0.1,102382.0,8400000.0,102382.0,854581.0,854581.0,854581.0,865280.0,244666.0,854581.0,0.1,0.1,0.1,-93159.0,880129.0,-21147.0,1913089.0,854581.0,TPIPP,0
2022-06-30,2556878.0,6834.0,855710.0,862544.0,2556878.0,0.0,6834.0,1129567.0,-110286.0,855710.0,1664926.0,855710.0,0.1,1675024.0,0.1,8389314.0,0.12,0.0,862544.0,0.1,122469.0,8389314.0,122469.0,855710.0,855710.0,855710.0,879769.0,249798.0,855710.0,0.1,0.1,0.1,-110286.0,881854.0,-19310.0,1664926.0,855710.0,TPIPP,0
2022-09-30,2320729.0,6769.0,538514.0,545283.0,2320729.0,0.0,6769.0,845046.0,-76177.0,538514.0,1673349.0,538514.0,0.06,1750354.0,0.06,8414281.0,0.09,0.0,545283.0,0.06,130249.0,8414281.0,130249.0,538514.0,538514.0,538514.0,593308.0,251738.0,538514.0,0.06,0.06,0.06,-76177.0,570375.0,-25092.0,1673349.0,538514.0,TPIPP,0
2022-12-31,2534775.0,-3953.0,563979.0,560026.0,2534775.0,0.0,-3953.0,770449.0,-86845.0,563979.0,1933137.0,563979.0,0.07,1949906.0,0.07,8426810.0,0.03,0.0,560026.0,0.07,168667.0,8426810.0,168667.0,563979.0,563979.0,563979.0,519816.0,250633.0,563979.0,0.07,0.07,0.07,-86845.0,584869.0,-24843.0,1933137.0,563979.0,TPIPP,0
2023-03-31,2940026.0,9236.0,1046397.0,1055633.0,2940026.0,0.0,9236.0,1300765.0,-56040.0,1046397.0,1799910.0,1046397.0,0.12,1859944.0,0.12,8400000.0,0.0,0.0,1055633.0,0.12,144581.0,8400000.0,144581.0,1046397.0,1046397.0,1046397.0,1051575.0,249190.0,1046397.0,0.12,0.12,0.12,-56040.0,1080082.0,-24449.0,1799910.0,1046397.0,TPIPP,0
2023-06-30,2930436.0,-1451.0,935003.0,933552.0,2930436.0,0.0,-1451.0,1192372.0,-35195.0,935003.0,1894910.0,935003.0,0.11,1979766.0,0.11,8423450.0,0.12,0.0,933552.0,0.11,132257.0,8423450.0,132257.0,935003.0,935003.0,935003.0,938464.0,253908.0,935003.0,0.11,0.11,0.11,-35195.0,950670.0,-17118.0,1894910.0,935003.0,TPIPP,0
2023-09-30,2437110.0,13299.0,838735.0,852034.0,2437110.0,0.0,13299.0,1142681.0,-37137.0,838735.0,1460433.0,838735.0,0.1,1544810.0,0.1,8387350.0,0.0,0.0,852034.0,0.1,117857.0,8387350.0,117857.0,838735.0,838735.0,838735.0,895957.0,246724.0,838735.0,0.1,0.1,0.1,-37137.0,892300.0,-40266.0,1460433.0,838735.0,TPIPP,0
2023-12-31,2682242.0,-4156.0,833026.0,828870.0,2682242.0,0.0,-4156.0,1032630.0,-48988.0,833026.0,1823157.0,833026.0,0.1,1790602.0,0.1,8420223.0,0.12,0.0,828870.0,0.1,142731.0,8420223.0,142731.0,833026.0,833026.0,833026.0,765342.0,267288.0,833026.0,0.1,0.1,0.1,-48988.0,891640.0,-62770.0,1823157.0,833026.0,TPIPP,0
2024-03-31,2558549.0,19942.0,699415.0,719357.0,2558549.0,0.0,19942.0,1107643.0,-55711.0,699415.0,1655030.0,699415.0,0.08,1783017.0,0.08,8400000.0,0.0,0.0,719357.0,0.08,119216.0,8400000.0,119216.0,699415.0,699415.0,699415.0,840014.0,267629.0,699415.0,0.08,0.08,0.08,-55711.0,775532.0,-56175.0,1655030.0,699415.0,TPIPP,0
2024-06-30,2696800.0,-4811.0,857734.0,852923.0,2696800.0,0.0,-4811.0,1149613.0,-48108.0,857734.0,1727417.0,857734.0,0.1,1778285.0,0.1,8400000.0,0.09,0.0,852923.0,0.1,131421.0,8400000.0,131421.0,857734.0,857734.0,857734.0,886070.0,263543.0,857734.0,0.1,0.1,0.1,-48108.0,918515.0,-65592.0,1727417.0,857734.0,TPIPP,0
2005-03-31,328454.0,0.0,29948.0,29716.0,328454.0,232.0,0.0,46471.0,-1737.0,29948.0,259133.0,29716.0,0.27,292330.0,0.27,111453.0,0.0,232.0,29716.0,0.27,34934.0,111453.0,34934.0,29948.0,29948.0,29716.0,36124.0,9181.0,29948.0,0.27,0.27,0.27,-1737.0,36124.0,-6408.0,259133.0,29948.0,TRTm,0
2005-06-30,336382.0,0.0,65366.0,65150.0,336382.0,-232.0,0.0,84722.0,-2341.0,65366.0,227606.0,65150.0,0.59,264168.0,0.59,111453.0,0.0,-232.0,65150.0,0.59,38903.0,111453.0,38903.0,65366.0,65366.0,65150.0,72214.0,9438.0,65366.0,0.59,0.59,0.59,-2341.0,72214.0,-7064.0,227606.0,65366.0,TRTm,0
2005-09-30,207159.0,0.0,12910.0,12910.0,207159.0,0.0,0.0,34054.0,-2963.0,12910.0,154764.0,12910.0,0.12,187293.0,0.12,111453.0,0.0,0.0,12910.0,0.12,35492.0,111453.0,35492.0,12910.0,12910.0,12910.0,19866.0,9930.0,12910.0,0.12,0.12,0.12,-2963.0,19866.0,-6956.0,154764.0,12910.0,TRTm,0
2005-12-31,206994.0,0.0,-30889.0,-30889.0,206994.0,0.0,0.0,-8933.0,-777.0,-30889.0,167138.0,-30889.0,-0.28,231514.0,-0.28,111453.0,0.0,0.0,-30889.0,-0.28,65153.0,111453.0,65153.0,-30889.0,-30889.0,-30889.0,-24520.0,10201.0,-30889.0,-0.28,-0.28,-0.28,-777.0,-24520.0,-6369.0,167138.0,-30889.0,TRTm,0
2006-03-31,275287.0,0.0,-979.0,-979.0,275287.0,0.0,0.0,21100.0,-4728.0,-979.0,224099.0,-979.0,-0.01,265266.0,-0.01,111453.0,0.0,0.0,-979.0,-0.01,45895.0,111453.0,45895.0,-979.0,-979.0,-979.0,10021.0,9969.0,-979.0,-0.01,-0.01,-0.01,-4728.0,10021.0,-11000.0,224099.0,-979.0,TRTm,0
2006-06-30,399117.0,0.0,9711.0,9711.0,399117.0,0.0,0.0,33084.0,-1800.0,9711.0,332703.0,9711.0,0.09,378438.0,0.09,111453.0,0.0,0.0,9711.0,0.09,47535.0,111453.0,47535.0,9711.0,9711.0,9711.0,20679.0,10229.0,9711.0,0.09,0.09,0.09,-1800.0,20679.0,-10968.0,332703.0,9711.0,TRTm,0
2006-09-30,409215.0,5542.0,35354.0,40896.0,409215.0,0.0,5542.0,64169.0,-2707.0,35354.0,319072.0,35354.0,0.32,358695.0,0.32,111453.0,0.0,0.0,40896.0,0.32,42330.0,111453.0,42330.0,35354.0,35354.0,35354.0,50520.0,10395.0,35354.0,0.32,0.32,0.32,-2707.0,50520.0,-9624.0,319072.0,35354.0,TRTm,0
2006-12-31,558242.0,11677.0,25246.0,36923.0,558242.0,0.0,11677.0,65994.0,-6088.0,25246.0,441541.0,25246.0,0.23,507022.0,0.23,111453.0,0.0,0.0,36923.0,0.23,71569.0,111453.0,71569.0,25246.0,25246.0,25246.0,51220.0,10442.0,25246.0,0.23,0.23,0.23,-6088.0,51220.0,-14297.0,441541.0,25246.0,TRTm,0
2007-03-31,179645.0,0.0,-37664.0,-37664.0,179645.0,0.0,0.0,-17244.0,-4303.0,-37664.0,164561.0,-37664.0,-0.34,208163.0,-0.34,111453.0,0.0,0.0,-37664.0,-0.34,47905.0,111453.0,47905.0,-37664.0,-37664.0,-37664.0,-28518.0,10219.0,-37664.0,-0.34,-0.34,-0.34,-4303.0,-28518.0,-9146.0,164561.0,-37664.0,TRTm,0
2007-06-30,462394.0,3526.0,48387.0,51913.0,462394.0,0.0,3526.0,72087.0,-5167.0,48387.0,358577.0,48387.0,0.43,401787.0,0.43,112678.0,0.0,0.0,51913.0,0.43,48377.0,112678.0,48377.0,48387.0,48387.0,48387.0,60607.0,10414.0,48387.0,0.43,0.43,0.43,-5167.0,60607.0,-8694.0,358577.0,48387.0,TRTm,0
2007-09-30,344000.0,12899.0,46645.0,59544.0,344000.0,0.0,12899.0,80758.0,-4746.0,46645.0,216191.0,46645.0,0.42,274811.0,0.42,111453.0,0.23,0.0,59544.0,0.42,63366.0,111453.0,63366.0,46645.0,46645.0,46645.0,69189.0,10491.0,46645.0,0.42,0.42,0.42,-4746.0,69189.0,-9645.0,216191.0,46645.0,TRTm,0
2007-12-31,423397.0,18200.0,63890.0,82090.0,423397.0,0.0,18200.0,99974.0,-6519.0,63890.0,265915.0,63890.0,0.57,334716.0,0.57,111453.0,0.33,0.0,82090.0,0.57,75320.0,111453.0,75320.0,63890.0,63890.0,63890.0,88681.0,10215.0,63890.0,0.57,0.57,0.57,-6519.0,88681.0,-6591.0,265915.0,63890.0,TRTm,0
2008-03-31,474853.0,7270.0,28536.0,35806.0,474853.0,0.0,7270.0,43359.0,-7323.0,28536.0,378163.0,28536.0,0.13,430428.0,0.13,222904.0,0.0,0.0,35806.0,0.13,59588.0,222904.0,51274.0,28536.0,28536.0,28536.0,44425.0,14731.0,28536.0,0.13,0.13,0.13,-7323.0,44425.0,-8619.0,378163.0,28536.0,TRTm,0
2008-06-30,440658.0,9918.0,37511.0,47429.0,440658.0,0.0,9918.0,72692.0,-7207.0,37511.0,325287.0,37511.0,0.17,385239.0,0.17,225353.0,0.0,0.0,47429.0,0.17,67159.0,225353.0,58845.0,37511.0,37511.0,37511.0,55419.0,14731.0,37511.0,0.17,0.17,0.17,-7207.0,55419.0,-7990.0,325287.0,37511.0,TRTm,0
2008-09-30,200916.0,1341.0,-12441.0,-11100.0,200916.0,0.0,1341.0,3203.0,-5712.0,-12441.0,127330.0,-12441.0,-0.06,206623.0,-0.06,222904.0,0.0,0.0,-11100.0,-0.06,61380.0,222904.0,53066.0,-12441.0,-12441.0,-12441.0,-5707.0,7832.0,-12441.0,-0.06,-0.06,-0.06,17913.0,-5707.0,-5393.0,127330.0,-12441.0,TRTm,0
2008-12-31,989752.0,47906.0,150340.0,198246.0,989752.0,0.0,47906.0,220171.0,-5220.0,150340.0,690493.0,150340.0,1.35,779046.0,1.35,111453.0,0.92,0.0,198246.0,1.35,93773.0,111453.0,93773.0,150340.0,150340.0,150340.0,210706.0,8387.0,150340.0,1.35,1.35,1.35,-5220.0,210706.0,-12460.0,690493.0,150340.0,TRTm,0
2009-03-31,661108.0,22693.0,88700.0,111392.0,661108.0,0.0,22693.0,127590.0,-8152.0,88700.0,487420.0,88700.0,0.34,542660.0,0.34,262284.0,0.0,0.0,111392.0,0.34,63393.0,262284.0,55005.0,88700.0,88700.0,88700.0,118448.0,8240.0,88700.0,0.34,0.34,0.34,-8152.0,118448.0,-7055.0,487420.0,88700.0,TRTm,0
2009-06-30,599552.0,14660.0,49771.0,64432.0,599552.0,0.0,14660.0,82021.0,-704.0,49771.0,436836.0,49772.0,0.28,525824.0,0.28,186770.0,0.0,0.0,64432.0,0.28,83829.0,186770.0,75520.0,49771.0,49771.0,49772.0,73728.0,9195.0,49771.0,0.28,0.28,0.28,5159.0,73728.0,-9296.0,436836.0,49771.0,TRTm,0
2009-09-30,263302.0,-6088.0,-20938.0,-27026.0,263302.0,0.0,-6088.0,-12130.0,-12047.0,-20938.0,210740.0,-20938.0,-0.09,283972.0,-0.09,223300.0,0.0,0.0,-27026.0,-0.09,85278.0,223300.0,77196.0,-20938.0,-20938.0,-20938.0,-20670.0,8540.0,-20938.0,-0.09,-0.09,-0.09,-12047.0,-20670.0,-6356.0,210740.0,-20938.0,TRTm,0
2009-12-31,699197.0,24593.0,103216.0,127809.0,699197.0,0.0,24593.0,141294.0,-11632.0,103216.0,512832.0,103216.0,0.35,566152.0,0.35,299134.0,0.5,0.0,127809.0,0.46,64951.0,222112.0,54975.0,103216.0,103216.0,103216.0,133045.0,8249.0,103216.0,0.35,0.46,0.46,-11632.0,133045.0,-5236.0,512832.0,103216.0,TRTm,0
2010-03-31,437508.0,18293.0,76894.0,95186.0,437508.0,0.0,18293.0,111052.0,-7556.0,76894.0,286281.0,76894.0,0.27,334821.0,0.27,283811.0,0.0,0.0,95186.0,0.3,56096.0,257048.0,56096.0,76894.0,76894.0,76894.0,102687.0,8365.0,76894.0,0.27,0.3,0.3,-7556.0,102687.0,-7501.0,286281.0,76894.0,TRTm,0
2010-06-30,296867.0,3579.0,15565.0,19144.0,296867.0,0.0,3579.0,26689.0,-3189.0,15565.0,225171.0,15565.0,0.05,278780.0,0.05,285549.0,0.0,0.0,19144.0,0.06,56798.0,262284.0,56798.0,15565.0,15565.0,15565.0,18087.0,8602.0,15565.0,0.05,0.06,0.06,-3189.0,18087.0,1057.0,225171.0,15565.0,TRTm,0
2010-09-30,397606.0,7350.0,24760.0,32110.0,397606.0,0.0,7350.0,48450.0,-5335.0,24760.0,295930.0,24760.0,0.09,359178.0,0.09,289729.0,0.0,0.0,32110.0,0.09,68583.0,271678.0,68583.0,24760.0,24760.0,24760.0,38428.0,10022.0,24760.0,0.09,0.09,0.09,-5335.0,38428.0,-6319.0,295930.0,24760.0,TRTm,0
2010-12-31,360055.0,7265.0,25514.0,32779.0,360055.0,0.0,7265.0,46585.0,-3829.0,25514.0,253359.0,25514.0,0.09,322144.0,0.09,290411.0,0.27,0.0,32779.0,0.09,72613.0,273174.0,72613.0,25514.0,25514.0,25514.0,37911.0,8673.0,25514.0,0.09,0.09,0.09,-3829.0,37911.0,-5132.0,253359.0,25514.0,TRTm,0
2011-03-31,366230.0,8913.0,28897.0,37810.0,366230.0,0.0,8913.0,37122.0,-7765.0,28897.0,260812.0,28897.0,0.1,321714.0,0.1,297781.0,0.0,0.0,37810.0,0.1,68666.0,287661.0,68666.0,28897.0,28897.0,28897.0,44516.0,14731.0,28897.0,0.1,0.1,0.1,-7765.0,44516.0,-6706.0,260812.0,28897.0,TRTm,0
2011-06-30,534182.0,3766.0,45342.0,49108.0,534182.0,0.0,3766.0,37122.0,-8599.0,45342.0,405829.0,45342.0,0.15,480279.0,0.15,294701.0,0.14,0.0,49108.0,0.16,83048.0,282469.0,83048.0,45342.0,45342.0,45342.0,53903.0,14731.0,45342.0,0.15,0.16,0.16,-8599.0,53903.0,-4795.0,405829.0,45342.0,TRTm,0
2011-09-30,523565.0,22536.0,82173.0,104709.0,523565.0,0.0,22536.0,37122.0,-4090.0,82173.0,334041.0,82173.0,0.27,409294.0,0.27,307813.0,0.0,0.0,104709.0,0.27,79343.0,307351.0,79343.0,82173.0,82173.0,82173.0,114270.0,14731.0,82173.0,0.27,0.27,0.27,-4090.0,114270.0,-9561.0,334041.0,82173.0,TRTm,0
2011-12-31,430704.0,12283.0,43009.0,55292.0,430704.0,0.0,12283.0,37122.0,-7818.0,43009.0,298884.0,43009.0,0.13,367971.0,0.13,319099.0,0.23,0.0,55292.0,0.13,76906.0,319099.0,76906.0,43009.0,43009.0,43009.0,62733.0,14731.0,43009.0,0.13,0.13,0.13,-7818.0,62733.0,-7441.0,298884.0,43009.0,TRTm,0
2012-03-31,205875.0,-8084.0,-30370.0,-38455.0,205875.0,0.0,-8084.0,37122.0,-5301.0,-30370.0,175824.0,-30371.0,-0.1,243915.0,-0.1,307888.0,0.0,0.0,-38455.0,-0.1,73392.0,307888.0,73392.0,-30370.0,-30370.0,-30371.0,-38039.0,14731.0,-30370.0,-0.1,-0.1,-0.1,-5301.0,-38039.0,-415.0,175824.0,-30370.0,TRTm,0
2012-06-30,490859.0,14538.0,48340.0,62878.0,490859.0,0.0,14538.0,37122.0,-7179.0,48340.0,350840.0,48340.0,0.16,418291.0,0.16,307888.0,0.0,0.0,62878.0,0.16,74629.0,307888.0,74629.0,48340.0,48340.0,48340.0,72568.0,14731.0,48340.0,0.16,0.16,0.16,-7179.0,72568.0,-9691.0,350840.0,48340.0,TRTm,0
2012-09-30,641571.0,7290.0,19828.0,27118.0,641571.0,-1.0,7290.0,41919.0,5721.0,19828.0,541193.0,19828.0,0.06,612195.0,0.06,307888.0,0.0,-1.0,27118.0,0.06,71002.0,307888.0,71002.0,19828.0,19828.0,19828.0,29376.0,12543.0,19828.0,0.06,0.06,0.06,-4728.0,29376.0,-7978.0,541193.0,19828.0,TRTm,0
2012-12-31,582856.0,92.0,-8335.0,-7544.0,582856.0,-700.0,92.0,16926.0,-8403.0,-8335.0,478730.0,-7635.0,-0.03,577996.0,-0.03,307888.0,0.01,-700.0,-7544.0,-0.03,107669.0,307888.0,107669.0,-8335.0,-8335.0,-7635.0,4860.0,12066.0,-8335.0,-0.03,-0.03,-0.03,-8403.0,4860.0,-12403.0,478730.0,-8335.0,TRTm,0
2013-03-31,452671.0,10723.0,36180.0,47532.0,452671.0,-628.0,10723.0,53291.0,-5871.0,36180.0,324060.0,36809.0,0.12,412799.0,0.12,307890.0,0.0,-628.0,47532.0,0.12,94610.0,307890.0,94610.0,36180.0,36180.0,36809.0,39872.0,11861.0,36180.0,0.12,0.12,0.12,-5871.0,39872.0,7659.0,324060.0,36180.0,TRTm,0
2013-06-30,753239.0,7135.0,31941.0,38392.0,753239.0,684.0,7135.0,70366.0,0.0,31941.0,586415.0,31257.0,0.1,696095.0,0.1,311270.0,0.11,684.0,38392.0,0.1,103809.0,311270.0,103809.0,31941.0,31941.0,31257.0,57144.0,11664.0,31941.0,0.1,0.1,0.1,-4728.0,57144.0,-27323.0,586415.0,31941.0,TRTm,0
2013-09-30,569154.0,-1082.0,-5340.0,-7201.0,569154.0,779.0,-1082.0,17630.0,3166.0,-5340.0,458233.0,-6119.0,-0.02,564540.0,-0.02,307888.0,0.0,779.0,-7201.0,-0.02,106307.0,307888.0,106307.0,-5340.0,-5340.0,-6119.0,4614.0,11175.0,-5340.0,-0.02,-0.02,-0.02,-4728.0,4614.0,-14981.0,458233.0,-5340.0,TRTm,0
2013-12-31,742828.0,28973.0,114737.0,144087.0,742828.0,-378.0,28973.0,173372.0,5327.0,114737.0,491242.0,115115.0,0.37,581755.0,0.37,307895.0,0.19,-378.0,144087.0,0.37,90513.0,307895.0,90513.0,114737.0,114737.0,115115.0,161072.0,8057.0,114737.0,0.37,0.37,0.37,0.0,161072.0,-22312.0,491242.0,114737.0,TRTm,0
2014-03-31,415813.0,1522.0,2126.0,3317.0,415813.0,330.0,1522.0,22443.0,2360.0,2126.0,309439.0,1795.0,0.01,405688.0,0.01,307890.0,0.0,330.0,3317.0,0.01,95330.0,307890.0,95330.0,2126.0,2126.0,1795.0,10124.0,12319.0,2126.0,0.01,0.01,0.01,920.0,10124.0,-9167.0,309439.0,2126.0,TRTm,0
2014-06-30,404034.0,-3546.0,-18737.0,-23562.0,404034.0,1280.0,-3546.0,-7737.0,5957.0,-18737.0,326775.0,-20017.0,-0.06,425224.0,-0.06,307890.0,0.0,1280.0,-23562.0,-0.06,97781.0,307890.0,97781.0,-18737.0,-18737.0,-20017.0,-21190.0,13453.0,-18737.0,-0.06,-0.06,-0.06,668.0,-21190.0,-8329.0,326775.0,-18737.0,TRTm,0
2014-09-30,427510.0,-8218.0,-44380.0,-52258.0,427510.0,-340.0,-8218.0,-43919.0,9164.0,-44380.0,350225.0,-44040.0,-0.14,485382.0,-0.14,307888.0,0.0,-340.0,-52258.0,-0.14,135157.0,307888.0,135157.0,-44380.0,-44380.0,-44040.0,-57873.0,11196.0,-44380.0,-0.14,-0.14,-0.14,-4728.0,-57873.0,-3549.0,350225.0,-44380.0,TRTm,0
2014-12-31,884273.0,28477.0,109067.0,139097.0,884273.0,-1553.0,28477.0,167827.0,3052.0,109067.0,636898.0,110620.0,0.35,734562.0,0.35,311935.0,0.1,-1553.0,139097.0,0.35,95904.0,307895.0,95904.0,109067.0,109067.0,110620.0,149710.0,14123.0,109067.0,0.35,0.35,0.35,1760.0,149710.0,-13666.0,636898.0,109067.0,TRTm,0
2015-03-31,530912.0,-6581.0,-16680.0,-26915.0,530912.0,3654.0,2514.0,10667.0,2198.0,-16680.0,432758.0,-20334.0,0.0,560961.0,-0.05,307890.0,0.0,3654.0,-930.0,-0.05,102217.0,307890.0,102217.0,-16680.0,-16680.0,-3443.0,-4064.0,14731.0,210.0,-0.05,-0.05,0.0,-4728.0,-30049.0,936.0,432758.0,-16680.0,TRTm,0
2015-06-30,405521.0,-19689.0,-74416.0,-103197.0,405521.0,9092.0,-30025.0,-121972.0,23470.0,-74416.0,421190.0,-83508.0,-0.3,512674.0,-0.24,311273.0,0.0,9092.0,-132729.0,-0.24,121016.0,311273.0,121016.0,-74416.0,-74416.0,-102703.0,-136684.0,9614.0,-93612.0,-0.24,-0.24,-0.3,-4728.0,-107153.0,-19514.0,421190.0,-74416.0,TRTm,0
2015-09-30,537216.0,-1858.0,-11934.0,-13102.0,537216.0,-690.0,-1858.0,22989.0,7301.0,-11934.0,403571.0,-11243.0,-0.04,529532.0,-0.04,307890.0,0.0,-690.0,-13102.0,-0.04,125961.0,307890.0,125961.0,-11934.0,-11934.0,-11243.0,7683.0,15306.0,-11934.0,-0.04,-0.04,-0.04,-4728.0,7683.0,-28086.0,403571.0,-11934.0,TRTm,0
2015-12-31,750320.0,16213.0,57060.0,73014.0,750320.0,259.0,16213.0,93150.0,2777.0,57060.0,556453.0,56801.0,0.19,674102.0,0.19,307970.0,0.05,259.0,73014.0,0.19,117650.0,307970.0,117650.0,57060.0,57060.0,56801.0,76218.0,16932.0,57060.0,0.19,0.19,0.19,-4728.0,76218.0,-5981.0,556453.0,57060.0,TRTm,0
2016-03-31,574487.0,5937.0,15432.0,22406.0,574487.0,-1037.0,5937.0,45711.0,3715.0,15432.0,410774.0,16469.0,0.05,543863.0,0.05,308010.0,0.0,-1037.0,22406.0,0.05,133089.0,308010.0,133089.0,15432.0,15432.0,16469.0,30624.0,15086.0,15432.0,0.05,0.05,0.05,-4728.0,30624.0,-11933.0,410774.0,15432.0,TRTm,0
2016-06-30,582920.0,6115.0,26171.0,30477.0,582920.0,1808.0,6482.0,48211.0,6914.0,26171.0,412787.0,24363.0,0.09,553085.0,0.08,308010.0,0.0,1808.0,32310.0,0.08,138465.0,308010.0,138465.0,26171.0,26171.0,25828.0,31667.0,14856.0,27636.0,0.08,0.08,0.09,-4728.0,29835.0,-6271.0,412787.0,26171.0,TRTm,0
2016-09-30,653128.0,-841.0,-14755.0,-17293.0,653128.0,1697.0,-841.0,12104.0,1698.0,-14755.0,523993.0,-16452.0,-0.05,659242.0,-0.05,308010.0,0.0,1697.0,-17293.0,-0.05,135249.0,308010.0,135249.0,-14755.0,-14755.0,-16452.0,-6114.0,17111.0,-14755.0,-0.05,-0.05,-0.05,-4728.0,-6114.0,-12877.0,523993.0,-14755.0,TRTm,0
2016-12-31,725981.0,13224.0,34371.0,47894.0,725981.0,-298.0,13224.0,60903.0,2252.0,34371.0,531451.0,34670.0,0.11,682305.0,0.11,308010.0,0.13,-298.0,47894.0,0.11,150853.0,308010.0,150853.0,34371.0,34371.0,34670.0,43676.0,16135.0,34371.0,0.11,0.11,0.11,-4728.0,43676.0,1965.0,531451.0,34371.0,TRTm,0
2017-03-31,608309.0,-7713.0,-31559.0,-38831.0,608309.0,-441.0,-7713.0,-8059.0,3098.0,-31559.0,490538.0,-31118.0,-0.1,633798.0,-0.1,308010.0,0.0,-441.0,-38831.0,-0.1,143260.0,308010.0,143260.0,-31559.0,-31559.0,-31118.0,-25489.0,16340.0,-31559.0,-0.1,-0.1,-0.1,-4728.0,-25489.0,-16440.0,490538.0,-31559.0,TRTm,0
2017-06-30,457118.0,-14956.0,-52386.0,-67085.0,457118.0,-258.0,-14956.0,-34480.0,8065.0,-52386.0,383114.0,-52128.0,-0.17,511615.0,-0.17,311395.0,0.0,-258.0,-67085.0,-0.17,128501.0,311395.0,128501.0,-52386.0,-52386.0,-52128.0,-54497.0,18938.0,-52386.0,-0.17,-0.17,-0.17,-4728.0,-54497.0,-20653.0,383114.0,-52386.0,TRTm,0
2017-09-30,569618.0,-18492.0,-73246.0,-95160.0,569618.0,3422.0,-18492.0,-59926.0,3796.0,-73246.0,500111.0,-76669.0,-0.24,652217.0,-0.24,308010.0,0.0,3422.0,-95160.0,-0.24,152106.0,308010.0,152106.0,-73246.0,-73246.0,-76669.0,-82599.0,21545.0,-73246.0,-0.24,-0.24,-0.24,-4728.0,-82599.0,-16357.0,500111.0,-73246.0,TRTm,0
2017-12-31,794722.0,20517.0,88491.0,109243.0,794722.0,-235.0,20517.0,139454.0,3308.0,88491.0,567549.0,88726.0,0.29,678421.0,0.29,308010.0,0.0,-235.0,109243.0,0.29,110873.0,308010.0,110873.0,88491.0,88491.0,88726.0,116300.0,22008.0,88491.0,0.29,0.29,0.29,-4728.0,116300.0,-10365.0,567549.0,88491.0,TRTm,0
2018-03-31,533369.0,391.0,2737.0,2102.0,533369.0,1026.0,391.0,29990.0,2399.0,2737.0,400317.0,1711.0,0.01,524903.0,0.01,308010.0,0.0,1026.0,2102.0,0.01,124585.0,308010.0,124585.0,2737.0,2737.0,1711.0,8467.0,20185.0,2737.0,0.01,0.01,0.01,-4728.0,8467.0,-8763.0,400317.0,2737.0,TRTm,0
2018-06-30,613694.0,-1287.0,-5045.0,-7244.0,613694.0,912.0,-1287.0,34481.0,3937.0,-5045.0,488691.0,-5957.0,-0.02,601327.0,-0.02,311395.0,0.0,912.0,-7244.0,-0.02,112636.0,311395.0,112636.0,-5045.0,-5045.0,-5957.0,12367.0,20379.0,-5045.0,-0.02,-0.02,-0.02,-4728.0,12367.0,-23548.0,488691.0,-5045.0,TRTm,0
2018-09-30,593419.0,-9168.0,-33304.0,-43740.0,593419.0,1268.0,-9168.0,-10967.0,861.0,-33304.0,478403.0,-34573.0,-0.11,626822.0,-0.11,308010.0,0.0,1268.0,-43740.0,-0.11,148419.0,308010.0,148419.0,-33304.0,-33304.0,-34573.0,-33403.0,20724.0,-33304.0,-0.11,-0.11,-0.11,-4728.0,-33403.0,-11198.0,478403.0,-33304.0,TRTm,0
2018-12-31,875429.0,39434.0,4850.0,43060.0,875429.0,1224.0,39434.0,73772.0,6408.0,4850.0,675648.0,3626.0,0.02,823655.0,0.02,308010.0,0.0,1224.0,43060.0,0.02,148006.0,308010.0,148006.0,4850.0,4850.0,3626.0,51774.0,20248.0,4850.0,0.02,0.02,0.02,-4728.0,51774.0,-15123.0,675648.0,4850.0,TRTm,0
2019-03-31,543479.0,-3285.0,-19106.0,-22440.0,543479.0,50.0,-3285.0,7473.0,-4530.0,-19106.0,459962.0,-19155.0,-0.06,550445.0,-0.06,308010.0,0.0,50.0,-22440.0,-0.06,102244.0,308010.0,102244.0,-19106.0,-19106.0,-19155.0,-14097.0,20237.0,-19106.0,-0.06,-0.06,-0.06,-4630.0,-6966.0,-15574.0,459962.0,-19106.0,TRTm,0
2019-06-30,477847.0,5813.0,-19194.0,-15532.0,477847.0,2151.0,5813.0,18098.0,-7102.0,-19194.0,342752.0,-21346.0,-0.06,478122.0,-0.06,308010.0,0.0,2151.0,-15532.0,-0.06,128582.0,308010.0,128582.0,-19194.0,-19194.0,-21346.0,-3463.0,20168.0,-19194.0,-0.06,-0.06,-0.06,9977.0,-275.0,-15557.0,342752.0,-19194.0,TRTm,0
2019-09-30,577374.0,3457.0,-845.0,1754.0,577374.0,858.0,3457.0,33791.0,-2358.0,-845.0,449889.0,-1704.0,0.0,560412.0,0.0,308010.0,0.0,858.0,1754.0,0.0,117929.0,308010.0,117929.0,-845.0,-845.0,-1704.0,12114.0,20409.0,-845.0,0.0,0.0,0.0,-2558.0,16962.0,-15408.0,449889.0,-845.0,TRTm,0
2019-12-31,817281.0,58231.0,114515.0,169812.0,817281.0,2934.0,66501.0,225964.0,-13787.0,114515.0,495722.0,111581.0,0.42,631304.0,0.37,308010.0,0.12,2934.0,193930.0,0.37,120335.0,308010.0,120335.0,114515.0,114515.0,127429.0,205206.0,19479.0,130363.0,0.37,0.37,0.42,-3982.0,185977.0,-16065.0,495722.0,114515.0,TRTm,0
2020-03-31,454326.0,-9222.0,-60602.0,-71520.0,454326.0,1696.0,-4794.0,4314.0,-6918.0,-60602.0,382788.0,-62298.0,-0.17,508113.0,-0.2,308010.0,0.0,1696.0,-58869.0,-0.2,97674.0,308010.0,97674.0,-60602.0,-60602.0,-54074.0,-19217.0,22482.0,-52379.0,-0.2,-0.2,-0.17,-6918.0,-53787.0,-17732.0,382788.0,-60602.0,TRTm,0
2020-06-30,412067.0,-291.0,-16571.0,-18042.0,412067.0,1180.0,1510.0,13824.0,-6007.0,-16571.0,342706.0,-17751.0,-0.04,412957.0,-0.05,308010.0,0.0,1180.0,-12896.0,-0.05,86053.0,308010.0,86053.0,-16571.0,-16571.0,-14406.0,-10685.0,22481.0,-13226.0,-0.05,-0.05,-0.04,-6007.0,-890.0,-17152.0,342706.0,-16571.0,TRTm,0
2020-09-30,589805.0,-1435.0,-8360.0,-10038.0,589805.0,243.0,-1435.0,41545.0,-4211.0,-8360.0,492451.0,-8603.0,-0.03,583598.0,-0.03,308010.0,0.0,243.0,-10038.0,-0.03,83847.0,308010.0,83847.0,-8360.0,-8360.0,-8603.0,17718.0,22347.0,-8360.0,-0.03,-0.03,-0.03,-4211.0,6208.0,-16246.0,492451.0,-8360.0,TRTm,0
2020-12-31,1082682.0,24778.0,97450.0,121951.0,1082682.0,277.0,23714.0,136724.0,-10300.0,97450.0,861408.0,97173.0,0.3,945924.0,0.32,308010.0,0.02,277.0,116714.0,0.32,114820.0,308010.0,114820.0,97450.0,97450.0,93000.0,116753.0,19033.0,93278.0,0.32,0.32,0.3,-10300.0,136757.0,-14806.0,861408.0,97450.0,TRTm,0
2021-03-31,372788.0,-5044.0,-35049.0,-41344.0,372788.0,1252.0,-5044.0,-4423.0,-10811.0,-35049.0,314659.0,-36301.0,-0.11,394605.0,-0.11,308010.0,0.0,1252.0,-41344.0,-0.11,88631.0,308010.0,88631.0,-35049.0,-35049.0,-36301.0,-25685.0,20032.0,-35049.0,-0.11,-0.11,-0.11,-4816.0,-21816.0,-13533.0,314659.0,-35049.0,TRTm,0
2021-06-30,570396.0,7787.0,33512.0,40908.0,570396.0,391.0,7787.0,75048.0,-8010.0,33512.0,438209.0,33121.0,0.11,517721.0,0.11,308010.0,0.0,391.0,40908.0,0.11,85734.0,308010.0,85734.0,33512.0,33512.0,33121.0,54503.0,19814.0,33512.0,0.11,0.11,0.11,-8050.0,52675.0,-11807.0,438209.0,33512.0,TRTm,0
2021-09-30,499305.0,17879.0,61185.0,78341.0,499305.0,723.0,17879.0,117112.0,-5917.0,61185.0,334431.0,60462.0,0.2,409123.0,0.2,308010.0,0.0,723.0,78341.0,0.2,74438.0,308010.0,74438.0,61185.0,61185.0,60462.0,96454.0,19867.0,61185.0,0.2,0.2,0.2,-6017.0,90182.0,-11941.0,334431.0,61185.0,TRTm,0
2021-12-31,578873.0,7265.0,12978.0,19416.0,578873.0,828.0,8885.0,37122.0,-4032.0,12978.0,466190.0,12150.0,0.05,548994.0,0.04,308003.0,0.12,828.0,23744.0,0.04,90300.0,308003.0,90300.0,12978.0,12978.0,14859.0,26565.0,9793.0,15687.0,0.04,0.04,0.05,-4182.0,29880.0,-10614.0,466190.0,12978.0,TRTm,0
2022-03-31,436169.0,-3439.0,-24053.0,-28311.0,436169.0,819.0,-3439.0,-1942.0,-4828.0,-24053.0,386813.0,-24872.0,-0.08,454534.0,-0.08,308008.0,0.0,819.0,-28311.0,-0.08,76833.0,308008.0,76833.0,-24053.0,-24053.0,-24872.0,-22298.0,19575.0,-24053.0,-0.08,-0.08,-0.08,-5178.0,-18365.0,-10296.0,386813.0,-24053.0,TRTm,0
2022-06-30,320726.0,-10214.0,-50625.0,-61735.0,320726.0,896.0,-10214.0,-24658.0,-1562.0,-50625.0,300958.0,-51521.0,-0.16,373205.0,-0.16,308008.0,0.0,896.0,-61735.0,-0.16,68340.0,308008.0,68340.0,-50625.0,-50625.0,-51521.0,-45504.0,19729.0,-50625.0,-0.16,-0.16,-0.16,-3069.0,-52479.0,-10763.0,300958.0,-50625.0,TRTm,0
2022-09-30,506541.0,-3674.0,-25696.0,-30097.0,506541.0,726.0,-3464.0,14511.0,-2025.0,-25696.0,437260.0,-26422.0,-0.08,524445.0,-0.08,308008.0,0.0,726.0,-29497.0,-0.08,76265.0,308008.0,76265.0,-25696.0,-25696.0,-26032.0,-4808.0,18349.0,-25306.0,-0.08,-0.08,-0.08,-2175.0,-17904.0,-12343.0,437260.0,-25696.0,TRTm,0
2022-12-31,430383.0,6222.0,8289.0,14123.0,430383.0,388.0,5958.0,19314.0,-7348.0,8289.0,378225.0,7901.0,0.03,403244.0,0.03,308008.0,0.0,388.0,13523.0,0.03,56489.0,308008.0,56489.0,8289.0,8289.0,7565.0,2525.0,15822.0,7953.0,0.03,0.03,0.03,-6856.0,27139.0,-12524.0,378225.0,8289.0,TRTm,0
2023-03-31,390289.0,-4538.0,-35164.0,-40567.0,390289.0,865.0,-4064.0,-10952.0,-2201.0,-35164.0,337001.0,-36029.0,-0.11,418136.0,-0.11,308008.0,0.0,865.0,-39214.0,-0.11,82726.0,308008.0,82726.0,-35164.0,-35164.0,-35150.0,-26987.0,15089.0,-34285.0,-0.11,-0.11,-0.11,-2451.0,-27847.0,-12970.0,337001.0,-35164.0,TRTm,0
2023-06-30,401498.0,-2481.0,-25286.0,-28788.0,401498.0,1020.0,-2481.0,14320.0,-10216.0,-25286.0,348806.0,-26307.0,-0.08,413968.0,-0.08,308008.0,0.0,1020.0,-28788.0,-0.08,64726.0,308008.0,64726.0,-25286.0,-25286.0,-26307.0,-1668.0,15111.0,-25286.0,-0.08,-0.08,-0.08,-10366.0,-12470.0,-16468.0,348806.0,-25286.0,TRTm,0
2023-09-30,579113.0,25655.0,96811.0,122043.0,579113.0,423.0,25655.0,177238.0,-2609.0,96811.0,358914.0,96388.0,0.31,435515.0,0.31,308008.0,0.0,423.0,122043.0,0.31,63575.0,308008.0,63575.0,96811.0,96811.0,96388.0,159334.0,17040.0,96811.0,0.31,0.31,0.31,-2709.0,143599.0,-21656.0,358914.0,96811.0,TRTm,0
2023-12-31,713331.0,33796.0,93218.0,126489.0,713331.0,526.0,33796.0,130483.0,4162.0,93218.0,506490.0,92693.0,0.3,562806.0,0.3,308008.0,0.21,526.0,126489.0,0.3,88641.0,308008.0,88641.0,93218.0,93218.0,92693.0,113030.0,16582.0,93218.0,0.3,0.3,0.3,5170.0,150525.0,-23028.0,506490.0,93218.0,TRTm,0
2024-03-31,797664.0,32404.0,96287.0,128718.0,797664.0,-27.0,32404.0,196137.0,-2358.0,96287.0,550434.0,96314.0,0.31,645919.0,0.31,308008.0,0.0,-27.0,128718.0,0.31,71683.0,308008.0,71683.0,96287.0,96287.0,96314.0,178005.0,17246.0,96287.0,0.31,0.31,0.31,-2458.0,151745.0,-23127.0,550434.0,96287.0,TRTm,0
